=LDR  00654nam a22002053  4500
=001  000184366
=003  UK
=005  20160601115100.0
=008  871103|1974||||enk\\\\||\\\\\|||\||eng\\
=019  x\$a0173840280
=020  \\$a0575018593
=040  \\$aUk$cUk
=100  1\$aBallard, J. G.$d1930-2009$1http://viaf.org/viaf/9842556$4http://rdaregistry.info/Elements/w/object/P10061
=240  10$aThe four-dimensional nightmare$1http://viaf.org/viaf/183430784
=245  14$aThe four-dimensional nightmare.
=260  \\$aLondon :$bGollancz,$c1974.
=300  \\$a197 pages ;$c21 cm.
=336  \\$atext$2rdacontent$0http://rdaregistry.info/termList/RDAContentType/1020
=337  \\$aunmediated$2rdamedia$0http://rdaregistry.info/termList/RDAMediaType/1007
=338  \\$avolume$2rdacarrier$0http://rdaregistry.info/termList/RDACarrierType/1049

