=LDR  01508cam a2200361 c 4500
=001  999002364264702201
=003  BIBSYS
=005  20211103170843.0
=007  ta
=008  150206s1988\\\\no#|||||||||||000|1|nob|d
=020  \\$a8203158390$qib.$cNkr 89.00
=040  \\$aNO-TrBIB$bnob$ekatreg
=041  1\$heng
=044  \\$cno
=082  74$a823$qNO-OsNB$24/nor
=100  1\$aBallard, J.G.$d1930-2009$0(NO-TrBIB)90199005$1http://viaf.org/viaf/9842556$4http://rdaregistry.info/Elements/w/object/P10061
=240  10$aEmpire of the sun$1http://viaf.org/viaf/180997771
=245  10$aSolens rike$cJ. G. Ballard ; oversatt av Kari og Kjell Risvik
=246  1\$aEmpire of the sun$iOriginaltittel
=250  \\$a2. oppl.
=260  \\$a[Oslo]$bAschehoug$c1988
=300  \\$a291 s.
=336  \\$atekst$0http://rdaregistry.info/termList/RDAContentType/1020
=337  \\$auformidlet$0http://rdaregistry.info/termList/RDAMediaType/1007
=338  \\$abind$0http://rdaregistry.info/termList/RDACarrierType/1049
=380  \\$aSpråkbasert verk$1https://schema.nb.no/Bibliographic/Values/V1000
=490  1\$aMaxi-bok
=500  \\$a1. norske utg. 1985
=533  \\$aElektronisk reproduksjon$b[Norge]$cNasjonalbiblioteket Digital$d2016-11-03
=700  1\$aRisvik, Kari$d1932-$4trl$0(NO-TrBIB)90181750$1http://viaf.org/viaf/106222856
=700  1\$aRisvik, Kjell$d1941-$4trl$0(NO-TrBIB)90330576$1http://viaf.org/viaf/66142208
=830  \0$aMaxi-bok
=856  41$3Fulltekst$uhttps://www.nb.no/search?q=oaiid:"oai:nb.bibsys.no:999002364264702202"&mediatype=bøker$yNettbiblioteket$zSøke-URL

