=LDR  01489cam a2200325 c 4500
=001  991322877654702201
=003  BIBSYS
=005  20210605100720.0
=007  ta
=008  150206r20112006xx#|||||||||||000|u|eng|d
=020  \\$a9780586044568$qh.
=040  \\$aNO-TrBIB$bnob$ekatreg
=080  \\$a721.011.27
=080  \\$a728.2.011.26
=080  \\$a82-3
=080  \\$a82-311.9
=100  1\$aBallard, J.G.$d1930-2009$0(NO-TrBIB)90199005$1http://viaf.org/viaf/9842556$4http://rdaregistry.info/Elements/w/object/P10061
=240  10$aHigh-rise$1http://viaf.org/viaf/308016990
=245  10$aHigh-rise$cJ.G. Ballard
=260  \\$aLondon$bFourth Estate$c2011
=300  \\$a173, 18 s.
=336  \\$atekst$0http://rdaregistry.info/termList/RDAContentType/1020
=337  \\$auformidlet$0http://rdaregistry.info/termList/RDAMediaType/1007
=338  \\$abind$0http://rdaregistry.info/termList/RDACarrierType/1049
=380  \\$aSpråkbasert verk$1https://schema.nb.no/Bibliographic/Values/V1000
=500  \\$a"Previously published in paperback by Harper Perennial 2006, reprinted 10 times and by Flamingo 2000 (as a Flamingo Modern Classic, reprinted three times) and in 1993, and by Granada" - Kolofonen
=500  \\$aFørste britiske utg.: Jonathan Cape, 1975
=653  \\$asci-fi$ahøyhus
=856  42$3Forlagets beskrivelse (kort)$uhttps://contents.bibs.aws.unit.no/content/?isbn=9780586044568
=856  42$3Forlagets beskrivelse (lang)$uhttps://contents.bibs.aws.unit.no/content/?isbn=9780586044568

