=LDR  00771 am a22002777a 4500
=001  010705325
=003  UK
=005  20160601115100.0
=008  930518r19931975enk\\\\||\\\\\000\1|eng\\
=015  \\$aGB9328652$2bnb
=019  1\$a0586044566
=019  9\$a0586044566
=019  y\$ab9328652
=020  \\$a0586044566 (pbk) :$c£5.99
=039  0\$a2242
=040  \\$aUk$cUk
=082  04$a823.914$220
=100  1\$aBallard, J. G.$d1930-2009$1http://viaf.org/viaf/9842556$4http://rdaregistry.info/Elements/w/object/P10061
=240  10$aHigh-rise$1http://viaf.org/viaf/308016990
=245  10$aHigh-Rise.
=260  \\$bFlamingo,$c1993.
=300  \\$a173p.
=336  \\$atext$2rdacontent$0http://rdaregistry.info/termList/RDAContentType/1020
=337  \\$aunmediated$2rdamedia$0http://rdaregistry.info/termList/RDAMediaType/1007
=338  \\$avolume$2rdacarrier$0http://rdaregistry.info/termList/RDACarrierType/1049
=380  \\$aFiction
=653  1\$aEnglish fiction

