=LDR  00935 am a2200301ui 4500
=001  010544904
=003  UK
=005  20160601115100.0
=008  790713r19791970enk\\\\||\\\\\000\1|eng\\
=015  \\$aGB7922753$2bnb
=019  1\$ab7922753
=019  9\$ab7922753
=019  y\$aB7922753
=020  \\$a0586035745
=020  \\$c£0.85 (pbk)
=040  \\$aUk$cUk
=082  04$a823/.9/1$218
=100  1\$aBallard, J. G.$d1930-2009$1http://viaf.org/viaf/9842556$4http://rdaregistry.info/Elements/w/object/P10061
=240  10$aThe atrocity exhibition$1http://viaf.org/viaf/182227002
=245  14$aThe atrocity exhibition /$cJ.G. Ballard.
=260  \\$aSt Albans :$bTriad,$c1979.
=300  \\$a139p. ;$c18cm.
=336  \\$atext$2rdacontent$0http://rdaregistry.info/termList/RDAContentType/1020
=337  \\$aunmediated$2rdamedia$0http://rdaregistry.info/termList/RDAMediaType/1007
=338  \\$avolume$2rdacarrier$0http://rdaregistry.info/termList/RDACarrierType/1049
=380  \\$aFiction
=500  \\$aOriginally published: London : Cape, 1970.
=650  \0$aFiction in English.
=653  \\$aFiction in English$a1900-$aTexts

