=LDR  00877 am a2200277uu 4500
=001  009938050
=003  UK
=005  20160601115100.0
=008  020122r19721970enk\\\\||\\\\\000\1|eng\\
=015  \\$aGB7300403$2bnb
=019  1\$adef401048
=019  9\$a0586035745
=019  y\$aB7300403
=020  \\$a0586035745 (pbk)
=040  \\$aUk$cUk
=082  04$a823/.9/1$218
=100  1\$aBallard, J. G.$d1930-2009$1http://viaf.org/viaf/9842556$4http://rdaregistry.info/Elements/w/object/P10061
=240  10$aThe atrocity exhibition$1http://viaf.org/viaf/182227002
=245  14$aThe atrocity exhibition /$cJ.G. Ballard.
=260  \\$aLondon :$bPanther,$c1972.
=300  \\$a139p. ;$c18cm.
=336  \\$atext$2rdacontent$0http://rdaregistry.info/termList/RDAContentType/1020
=337  \\$aunmediated$2rdamedia$0http://rdaregistry.info/termList/RDAMediaType/1007
=338  \\$avolume$2rdacarrier$0http://rdaregistry.info/termList/RDACarrierType/1049
=380  \\$aFiction
=500  \\$aOriginally published, London: Cape, 1970.
=653  \\$aFiction in English, 1900-$aTexts

