=LDR  01524pam a22003731i 4500
=001  018277852
=003  Uk
=005  20180611022832.0
=006  m\\\\||\\d\|\\\\\\
=007  cr\|||||||||||
=008  170327s2017\\\\enk\\\\\o\\\\\000|j|eng|d
=015  \\$aGBB756979$2bnb
=020  \\$a9780007513628 (ePub ebook) :$c£4.99
=037  \\$auk.co.harpercollins.082619$bIngram Content Group
=040  \\$aStDuBDS$beng$cStDuBDS$dUk$erda$epn
=042  \\$aukblsr
=082  04$a823.914$223
=100  1\$aBallard, J. G.$d1930-2009$eauthor.$1http://viaf.org/viaf/9842556$4http://rdaregistry.info/Elements/w/object/P10061
=240  10$aThe disaster area$1http://viaf.org/viaf/307986100
=245  14$aThe disaster area /$cJ.G. Ballard.
=250  \\$aePub edition
=264  \1$aLondon :$bCollins Flamingo,$c2017.
=300  \\$a1 online resource.
=336  \\$atext$2rdacontent$0http://rdaregistry.info/termList/RDAContentType/1020
=337  \\$acomputer$2rdamedia$0http://rdaregistry.info/termList/RDAMediaType/1003
=338  \\$aonline resource$2rdacarrier$0http://rdaregistry.info/termList/RDACarrierType/1018
=336  \\$atekst$0http://rdaregistry.info/termList/RDAContentType/1020
=337  \\$adatamaskin$0http://rdaregistry.info/termList/RDAMediaType/1003
=338  \\$aonline ressurs$0http://rdaregistry.info/termList/RDACarrierType/1018
=347  \\$adata file$2rda
=380  \\$aSpråkbasert verk$1https://schema.nb.no/Bibliographic/Values/V1000
=588  \\$aDescription based on CIP data; resource not viewed.
=650  \7$aFICTION / Medical$2bisacsh
=650  \7$aFICTION / Short Stories (single author)$2bisacsh
=650  \7$aFiction and related items / Fiction: special features / Short stories$2bicssc

