=LDR  00809nam a22002172i 4500
=001  011494288
=003  UkOxU
=005  19960605145638.0
=008  500101s1974\\\\enka\\\\\\\\\\000\0\eng\d
=020  \\$a0330239147
=040  \\$aIAS$cIAS$dEQO
=090  \\$aND813.D3$bL34 1974
=092  \\$aD0502910684
=100  1\$aDalí, Salvador,$d1904-1989.$1http://viaf.org/viaf/64004109$4http://rdaregistry.info/Elements/w/object/P10058
=240  \\$aDalí$1http://viaf.org/viaf/316306426
=245  10$aDalí /$cwith an introd. by J. G. Ballard ; edited by David Larkin
=260  \\$aPan Books :$bLondon,$c1974
=300  \\$a[14] pages, [40] leaves of plates :$bchiefly color illustrations ;$c30 cm
=336  \\$atext$btxt$2rdacontent$0http://rdaregistry.info/termList/RDAContentType/1020
=337  \\$aunmediated$bn$2rdamedia$0http://rdaregistry.info/termList/RDAMediaType/1007
=338  \\$avolume$bnc$2rdacarrier$0http://rdaregistry.info/termList/RDACarrierType/1049
=600  10$aDalí, Salvador,$d1904-1989.$1http://viaf.org/viaf/64004109
=700  1\$aLarkin, David.$4edt$1http://viaf.org/viaf/277669549
=700  1\$aBallard, J. G.$d1930-2009$4aui$1http://viaf.org/viaf/9842556

