=LDR  01558aam a22004211a 4500
=001  017847370
=003  Uk
=005  20170908090739.0
=006  m\\\\||\\d\|\\\\\\
=007  cr\|||||||||||
=008  120628s2014\\\\xna\\\\\o\\\\\000\1\eng\\
=015  \\$aGBB6F6382$2bnb
=020  \\$a000738291X$q(electronic bk.)
=020  \\$a9780007382910$q(electronic bk.)
=020  \\$z000738291X
=037  \\$a9780007382910$bHarperCollins Publishers Ltd
=040  \\$aNz$beng$cNZAUC$dTEFOD$dTEF$dTEFOD$dOCLCQ$dUk
=042  \\$aukblsr
=050  \4$aPR6052.A46
=082  04$a823.914$223
=100  1\$aBallard, J. G.$d1930-2009$1http://viaf.org/viaf/9842556$4http://rdaregistry.info/Elements/w/object/P10061
=240  10$aHigh-rise$1http://viaf.org/viaf/308016990
=245  10$aHigh-rise /$cJ.G. Ballard.
=260  \\$a[Sydney] :$bFourth Estate,$c2014.
=300  \\$a1 online resource.
=336  \\$atext$2rdacontent$0http://rdaregistry.info/termList/RDAContentType/1020
=337  \\$acomputer$2rdamedia$0http://rdaregistry.info/termList/RDAMediaType/1003
=338  \\$aonline resource$2rdacarrier$0http://rdaregistry.info/termList/RDACarrierType/1018
=336  \\$atekst$0http://rdaregistry.info/termList/RDAContentType/1020
=337  \\$adatamaskin$0http://rdaregistry.info/termList/RDAMediaType/1003
=338  \\$aonline ressurs$0http://rdaregistry.info/termList/RDACarrierType/1018
=347  \\$adata file$2rda
=380  \\$aSpråkbasert verk$1https://schema.nb.no/Bibliographic/Values/V1000
=500  \\$aFiction.
=650  \0$aFiction in English.
=650  \0$aHigh-rise apartment buildings$xSocial aspects$vFiction.
=650  \0$aRegression (Psychology)$vFiction.
=650  \7$aFiction$xGeneral.$2bisacsh
=655  \4$aElectronic books.

