=LDR  00809 am a22002777a 4500
=001  008718235
=003  UK
=005  20160601115100.0
=008  940822s1994\\\\enk\\\\||\\\\\000\1|eng\\
=015  \\$aGB9467796$2bnb
=019  1\$a000224134x
=019  9\$a000224134x
=019  y\$ab9467796
=020  \\$a000224134X :$c£14.99
=039  0\$a2304
=040  \\$aUk$cUk
=082  04$a823.914$220
=100  1\$aBallard, J. G.$d1930-2009$1http://viaf.org/viaf/9842556$4http://rdaregistry.info/Elements/w/object/P10061
=240  10$aRushing to paradise$1http://viaf.org/viaf/1313145424719986830495
=245  10$aRushing to paradise.
=260  \\$aLondon :$bFlamingo,$c1994.
=300  \\$a238p.
=336  \\$atext$2rdacontent$0http://rdaregistry.info/termList/RDAContentType/1020
=337  \\$aunmediated$2rdamedia$0http://rdaregistry.info/termList/RDAMediaType/1007
=338  \\$avolume$2rdacarrier$0http://rdaregistry.info/termList/RDACarrierType/1049
=380  \\$aFiction
=653  1\$aEnglish fiction

