=LDR  00620nam a22002053  4500
=001  000184371
=003  UK
=005  20160601115100.0
=008  871103|1973||||enk\\\\||\\\\\|||\|||||\\
=019  x\$a0173840337
=020  \\$a0224008943
=040  \\$aUk$cUk
=100  1\$aBallard, J. G.$d1930-2009$1http://viaf.org/viaf/9842556$4http://rdaregistry.info/Elements/w/object/P10061
=240  10$aVermilion sands$1http://viaf.org/viaf/307991538
=245  10$aVermilion Sands.
=260  \\$aLondon :$bCape,$c1973.
=300  \\$a208 pages ;$c21 cm.
=336  \\$atext$2rdacontent$0http://rdaregistry.info/termList/RDAContentType/1020
=337  \\$aunmediated$2rdamedia$0http://rdaregistry.info/termList/RDAMediaType/1007
=338  \\$avolume$2rdacarrier$0http://rdaregistry.info/termList/RDACarrierType/1049

