=LDR  00797 am a22002777a 4500
=001  007452730
=003  UK
=005  20160601115100.0
=008  930726r19921971enk\\\\||\\\\\000\j|eng\\
=015  \\$aGB9337132$2bnb
=019  1\$a1857990056
=019  9\$a1857990056
=019  y\$ab9337132
=020  \\$a1857990056 (pbk) :$c£4.99
=039  0\$a2250
=040  \\$aUk$cUk
=082  04$a823.914$220
=100  1\$aBallard, J. G.$d1930-2009$1http://viaf.org/viaf/9842556$4http://rdaregistry.info/Elements/w/object/P10061
=240  10$aVermilion sands$1http://viaf.org/viaf/307991538
=245  10$aVermilion sands.
=260  \\$bPhoenix,$c1992.
=300  \\$a208p.
=336  \\$atext$2rdacontent$0http://rdaregistry.info/termList/RDAContentType/1020
=337  \\$aunmediated$2rdamedia$0http://rdaregistry.info/termList/RDAMediaType/1007
=338  \\$avolume$2rdacarrier$0http://rdaregistry.info/termList/RDACarrierType/1049
=380  \\$aShort story
=653  1\$aEnglish fiction$aShort stories

