=LDR  00812 am a2200277ua 4500
=001  010655632
=003  UK
=005  20160601115100.0
=008  890201s1988\\\\enka\\\\|\\\\\000\1\eng\\
=015  \\$aGB8855655$2bnb
=019  1\$a0091734983
=019  9\$a0091734983
=019  y\$ab8855655
=020  \\$a0091734983 :$c£5.95
=039  0\$a2025
=040  \\$aUk$cUk
=082  04$a823/.914$219
=100  1\$aBallard, J. G.$d1930-2009$1http://viaf.org/viaf/9842556$4http://rdaregistry.info/Elements/w/object/P10061
=240  10$aRunning Wild$1http://viaf.org/viaf/481153289950332770009
=245  10$aRunning wild.
=260  \\$bCentury Hutchinson,$c1988.
=300  \\$a[80]p.
=336  \\$atext$2rdacontent$0http://rdaregistry.info/termList/RDAContentType/1020
=337  \\$aunmediated$2rdamedia$0http://rdaregistry.info/termList/RDAMediaType/1007
=338  \\$avolume$2rdacarrier$0http://rdaregistry.info/termList/RDACarrierType/1049
=380  \\$aFiction
=653  \\$aFiction in English$a1945-$aTexts

