=LDR  00991 am a2200325ua 4500
=001  009376321
=003  UK
=005  20160601115100.0
=008  020426r20021988enk\\\\||\\\\\000\1|eng\\
=015  \\$aGBA230549$2bnb
=019  1\$a0006548199
=019  9\$a0006548199
=019  y\$abA230549
=020  \\$a0006548199 (pbk.) :$c£6.99
=039  0\$a2690
=040  \\$aUk$cUk
=082  04$a823.914$221
=100  1\$aBallard, J. G.$d1930-2009$1http://viaf.org/viaf/9842556$4http://rdaregistry.info/Elements/w/object/P10061
=240  10$aRunning Wild$1http://viaf.org/viaf/481153289950332770009
=245  10$aRunning wild /$cJ. G. Ballard.
=260  \\$aLondon :$bFlamingo,$c2002, c1988.
=300  \\$a105 pages ;$c22 cm.
=336  \\$atext$2rdacontent$0http://rdaregistry.info/termList/RDAContentType/1020
=337  \\$aunmediated$2rdamedia$0http://rdaregistry.info/termList/RDAMediaType/1007
=338  \\$avolume$2rdacarrier$0http://rdaregistry.info/termList/RDACarrierType/1049
=380  \\$aFiction
=490  1\$aModern classics
=650  \0$aMurder$xInvestigation$vFiction.
=650  \0$aParricide$vFiction.
=655  07$aSuspense fiction.$2lcsh
=830  \0$aModern classics

