=LDR  01297cam a2200253 i 4500
=001  021119950
=003  UkOxU
=005  20180207120407.0
=008  180207s1977\\\\enk\\\\\\\\\\\000\1\eng\d
=020  \\$a0140023453
=040  \\$aUkOxU$beng$erda$cUkOxU
=100  1\$aBallard, J. G.$d1930-2009$eauthor.$1http://viaf.org/viaf/9842556$4http://rdaregistry.info/Elements/w/object/P10061
=240  10$aThe four-dimensional nightmare$1http://viaf.org/viaf/183430784
=245  14$aThe four-dimensional nightmare /$cJ.G. Ballard.
=246  1\$aFourdimensional nightmare
=264  \1$aHarmondsworth, Middlesex, England :$bPenguin Books,$c1977
=264  \4$c©1977
=300  \\$a210 pages ;$c19 cm
=336  \\$atext$2rdacontent$0http://rdaregistry.info/termList/RDAContentType/1020
=337  \\$aunmediated$2rdamedia$0http://rdaregistry.info/termList/RDAMediaType/1007
=338  \\$avolume$2rdacarrier$0http://rdaregistry.info/termList/RDACarrierType/1049
=380  \\$aFiction
=500  \\$a"First published by Victor Gollancz 1963. Published in Penguin Books 1965. Reprinted with the two stories 'Prima Belladonna' and 'Studio 5, The Stars' replaced by 'The Overloaded Man' and 'Thirteen to Centaurus', 1977" -- title page verso.
=505  0\$aThe voices of time -- The sound-sweep -- The overloaded man -- Thirteen to Centaurus -- The garden of time -- The cage of sand -- The watch-tower -- Chronopolis.
=700  12$aBallard, J. G.$d1930-2009$tThe voices of time$1http://viaf.org/viaf/311471559
=700  12$aBallard, J. G.$d1930-2009$tThe sound-sweep
=700  12$aBallard, J. G.$d1930-2009$tThe overloaded man
=700  12$aBallard, J. G.$d1930-2009$tThirteen to Centaurus
=700  12$aBallard, J. G.$d1930-2009$tThe garden of time
=700  12$aBallard, J. G.$d1930-2009$tThe cage of sand
=700  12$aBallard, J. G.$d1930-2009$tThe watch-tower
=700  12$aBallard, J. G.$d1930-2009$tChronopolis.

