=LDR  00986cam a2200265   4500
=001  a4283714
=003  SpMaBN
=005  20200515023330.6
=008  080618s2008\\\\sp\\\\\|\||||\000\f\spa\\
=015  \\$aMON0810
=017  \\$aB 9617-2008$bOficina Depósito Legal Barcelona
=020  \\$a978-84-450-7697-2
=040  \\$aSpMaBN$bspa$cSpMaBN$erdc
=041  1\$aspa$heng
=080  \\$a821.111-31"19"
=100  1\$aBallard, J. G.$d1930-2009$0XX1721261$1http://viaf.org/viaf/9842556$4http://rdaregistry.info/Elements/w/object/P10061
=240  10$aCocaine nights$lEspañol$1http://viaf.org/viaf/7815148574285124430000
=245  10$aNoches de cocaína$h[Texto impreso]$cJ.G. Ballard ; traducción de Silvia Komet y M. Figueroa
=250  \\$a1ª ed. en esta presentación en Colección Booket
=260  \\$aBarcelona$bBooket$c2008
=300  \\$a379 pages$c19 cm
=336  \\$atext$btxt$2rdacontent$0http://rdaregistry.info/termList/RDAContentType/1020
=337  \\$aunmediated$bn$2rdamedia$0http://rdaregistry.info/termList/RDAMediaType/1007
=338  \\$avolume$bnc$2rdacarrier$0http://rdaregistry.info/termList/RDACarrierType/1049
=380  \\$aNovel
=490  1\$aNovela$v2226
=594  \\$aTraducción de: Cocaine nights
=596  \\$a"Minotauro"
=830  \0$aNovela (Booket (Editorial))$v2226
=700  \\$aKomet, Silvia$4trl$1http://viaf.org/viaf/36514731
=700  \\$aFigueroa, M.$4trl$1http://viaf.org/viaf/87721105

