=LDR  00930cam a2200265 i 4500
=001  016659441
=003  Uk
=005  20140407133820.0
=008  910715s1991\\\\nyu\\\\\\\\\\|0|0\1|eng\\
=010  \\$a   91073730
=020  \\$a0374181101
=040  \\$aDLC$beng$cDLC$dDLC$dUk$erda
=042  \\$aukblsr
=050  00$aPR6052.A46$bK5 1991
=082  00$a823/.914$220
=100  1\$aBallard, J. G.$d1930-2009$eauthor.$1http://viaf.org/viaf/9842556$4http://rdaregistry.info/Elements/w/object/P10061
=240  10$aThe kindness of women$1http://viaf.org/viaf/8009153289944232770002
=245  14$aThe kindness of women /$cJ.G. Ballard.
=250  \\$aFirst American edition.
=264  \1$aNew York :$bFarrar, Straus and Giroux,$c1991.
=300  \\$a343 pages ;$c24 cm
=336  \\$atext$2rdacontent$0http://rdaregistry.info/termList/RDAContentType/1020
=337  \\$aunmediated$2rdamedia$0http://rdaregistry.info/termList/RDAMediaType/1007
=338  \\$avolume$2rdacarrier$0http://rdaregistry.info/termList/RDACarrierType/1049
=380  \\$aFiction
=500  \\$aOriginally published: Great Britain : HarperCollinsPublishers. 1991.

