=LDR  00962 am a2200301ua 4500
=001  010705702
=003  UK
=005  20160601115100.0
=008  820322r19811979enk\\\\||\\\\\000\1|eng\\
=015  \\$aGB8209543$2bnb
=019  1\$a0586052054
=019  9\$a0586052054
=019  y\$aB8209543
=020  \\$a0586052054 (pbk) :$c£1.25
=039  0\$a1681
=040  \\$aUk$cUk
=082  04$a823/.9/1$218
=082  04$a823/.914$219
=100  1\$aBallard, J. G.$d1930-2009$1http://viaf.org/viaf/9842556$4http://rdaregistry.info/Elements/w/object/P10061
=240  10$aThe unlimited dream company$1http://viaf.org/viaf/307972381
=245  14$aThe unlimited dream company /$cJ.G. Ballard.
=260  \\$a[London] :$bTriad/Granada,$c1981, c1979.
=300  \\$a220p. ;$c18cm.
=336  \\$atext$2rdacontent$0http://rdaregistry.info/termList/RDAContentType/1020
=337  \\$aunmediated$2rdamedia$0http://rdaregistry.info/termList/RDAMediaType/1007
=338  \\$avolume$2rdacarrier$0http://rdaregistry.info/termList/RDACarrierType/1049
=380  \\$aFiction
=500  \\$aOriginally published: London : Cape, 1979.
=653  \\$aFiction in English$a1945-$aTexts

