=LDR  01404 am a2200325ui 4500
=001  012013536
=003  UK
=005  20160602012300.0
=008  790419s1979\\\\xxua\\\\|\\\\\000\|\eng\\
=010  \\$a79013065
=019  1\$a0893701386
=020  \\$a0893701386
=020  \\$a0893702382
=040  \\$aUk$cUk
=082  00$a823/.9/14
=100  1\$aPringle, David.$1http://viaf.org/viaf/22226089$4http://rdaregistry.info/Elements/w/object/P10061
=240  \\$aEarth is the alien planet$1http://viaf.org/viaf/22226089/earthisthealienplanet
=245  10$aEarth is the alien planet :$bJ. G. Ballard's four-dimensional nightmare /$cby David Pringle.
=260  \\$aSan Bernardino, Calif. :$bBorgo Press,$c1979.
=300  \\$a63 pages :$billustrations ;$c22 cm.
=336  \\$atekst$0http://rdaregistry.info/termList/RDAContentType/1020
=337  \\$auformidlet$0http://rdaregistry.info/termList/RDAMediaType/1007
=338  \\$abind$0http://rdaregistry.info/termList/RDACarrierType/1049
=380  \\$aSpråkbasert verk$1https://schema.nb.no/Bibliographic/Values/V1000
=490  0\$aPopular writers of today ;$vv. 26
=490  0\$aThe Milford series
=540  \\$aBritish Library not licensed to copy$c0$5Uk
=600  10$aBallard, J. G.$d1930-2009$xCriticism and interpretation.$1http://viaf.org/viaf/9842556
=650  \0$aScience fiction, English$xHistory and criticism.
=653  \\$aFiction in English$aBallard, J$aG.$a1930-

