=LDR  00730 am a2200265ua 4500
=001  010707323
=003  UK
=005  20160601115100.0
=008  911003r19901973enk\\\\||\\\\\000\1|eng\\
=015  \\$aGB9159321$2bnb
=019  1\$a0586089896
=019  9\$a0586089896
=019  y\$ab9159321
=020  \\$a0586089896 (pbk) :$c£4.50
=039  0\$a2160
=040  \\$aUk$cUk
=082  04$a823.914$220
=100  1\$aBallard, J. G.$d1930-2009$1http://viaf.org/viaf/9842556$4http://rdaregistry.info/Elements/w/object/P10061
=240  10$aCrash$1http://viaf.org/viaf/305922109
=245  10$aCrash.
=260  \\$bPaladin,$c1990.
=300  \\$a171p.
=336  \\$atext$2rdacontent$0http://rdaregistry.info/termList/RDAContentType/1020
=337  \\$aunmediated$2rdamedia$0http://rdaregistry.info/termList/RDAMediaType/1007
=338  \\$avolume$2rdacarrier$0http://rdaregistry.info/termList/RDACarrierType/1049
=380  \\$aFiction

