=LDR  00944 am a22003013u 4500
=001  007688047
=003  UK
=005  20160601115100.0
=008  740422s1974\\\\enk\\\\\|\\\\\000\1\eng\\
=015  \\$aGB7409901$2bnb
=019  9\$a0224009702
=019  u\$aG11354837
=019  y\$aB7409901
=020  \\$a0224009702 :$c£1.95
=040  \\$aUk$cUk
=082  04$a823/.9/1$218
=100  1\$aBallard, J. G.$d1930-2009$1http://viaf.org/viaf/9842556$4http://rdaregistry.info/Elements/w/object/P10061
=240  10$aConcrete Island$1http://viaf.org/viaf/174604532
=240  10$aConcrete Island$1http://viaf.org/viaf/174604532
=245  10$aConcrete island /$cJ.G. Ballard.
=260  \\$aLondon :$bCape,$c1974.
=300  \\$a176p. ;$c21cm.
=336  \\$atext$2rdacontent$0http://rdaregistry.info/termList/RDAContentType/1020
=337  \\$aunmediated$2rdamedia$0http://rdaregistry.info/termList/RDAMediaType/1007
=338  \\$avolume$2rdacarrier$0http://rdaregistry.info/termList/RDACarrierType/1049
=380  \\$aFiction
=650  \0$aFiction in English.
=653  \\$aFiction in English, 1900-$aTexts
=655  \7$aScience fiction.$2gsafd

