=LDR  00727 am a22002417a 4500
=001  010707540
=003  UK
=005  20160601115100.0
=008  940506r19881987enk\\\\||\\\\\000\1|eng\\
=015  \\$aGB9434555$2bnb
=019  1\$a0586201009
=020  \\$a0586201009 (pbk) :$c£3.50
=040  \\$aUk$cUk
=082  04$a823.914$220
=100  1\$aBallard, J. G.$d1930-2009$1http://viaf.org/viaf/9842556$4http://rdaregistry.info/Elements/w/object/P10061
=240  10$aThe day of creation$1http://viaf.org/viaf/308025936
=245  14$aThe day of creation.
=260  \\$aLondon :$bGrafton,$c1988.
=300  \\$a287p.
=336  \\$atext$2rdacontent$0http://rdaregistry.info/termList/RDAContentType/1020
=337  \\$aunmediated$2rdamedia$0http://rdaregistry.info/termList/RDAMediaType/1007
=338  \\$avolume$2rdacarrier$0http://rdaregistry.info/termList/RDACarrierType/1049
=380  \\$aFiction
=653  1\$aEnglish fiction

