=LDR  01072pam a22003137a 4500
=001  8501356
=003  SE-LIBR
=005  20090422155401.0
=008  020717s2001\\\\xxu\\\\\\\\\\\000\1\eng|c
=010  \\$a  2001133035
=020  \\$a0-312-28419-5 (hc)
=020  \\$a0-312-30609-1 (pbk)
=040  \\$aDLC$cDLC$dDLC$dQ
=050  00$aPR6052.A46$bS87 2001
=082  00$a823/.914$221
=084  \\$aHe.01$2kssb/8
=100  1\$aBallard, J. G.$d1930-2009$0176668$1http://viaf.org/viaf/9842556$4http://rdaregistry.info/Elements/w/object/P10061
=240  10$aSuper-Cannes$1http://viaf.org/viaf/7243154501919339210000
=245  10$aSuper-Cannes :$b[a novel] /$cJ. G. Ballard
=250  \\$a1. Picador USA ed.
=260  \\$aNew York :$bPicador,$c2001.
=300  \\$a391 s.
=336  \\$atext$btxt$2rdacontent$0http://rdaregistry.info/termList/RDAContentType/1020
=337  \\$aunmediated$bn$2rdamedia$0http://rdaregistry.info/termList/RDAMediaType/1007
=338  \\$avolume$bnc$2rdacarrier$0http://rdaregistry.info/termList/RDACarrierType/1049
=380  \\$aFiction
=500  \\$aUrsprungligen utg.: London : Flamingo, 2000
=650  \0$aHigh technology industries$vFiction.
=650  \0$aIndustrial districts$vFiction.
=650  \0$aMarried people$vFiction.
=650  \0$aWomen physicians$vFiction.
=655  \7$aDomestic fiction.$2lcsh
=655  \7$aPsychological fiction.$2lcsh

