=LDR  02044cam a22004337a 4500
=001  p1m8hc6jmr57njhj
=003  SE-LIBR
=005  20200309094454.0
=008  191130s2017\\\\us\|||||||||||000\f|eng|c
=020  \\$a9781250171511
=040  \\$aSEK$beng$cYDX$ea
=041  \\$aeng
=050  \4$aPR6052.A46$bC7 2001
=082  04$a813.6$223
=084  \\$aHe.01$2kssb/8
=100  1\$aBallard, J. G.$1http://viaf.org/viaf/9842556$4http://rdaregistry.info/Elements/w/object/P10061
=240  10$aCrash$1http://viaf.org/viaf/305922109
=245  10$aCrash /$cJ. G. Ballard, Zadie Smith.
=250  \\$aSecond Picador paperback edition.
=264  \1$bPicador USA,$c2017
=300  \\$axv, 205 pages$c21 cm
=336  \\$atext$btxt$2rdacontent$0http://rdaregistry.info/termList/RDAContentType/1020
=337  \\$aunmediated$bn$2rdamedia$0http://rdaregistry.info/termList/RDAMediaType/1007
=338  \\$avolume$bnc$2rdacarrier$0http://rdaregistry.info/termList/RDACarrierType/1049
=340  \\$b21 cm
=380  \\$aNovel
=500  \\$aReprint. Originally published: New York : Picador, 2001.
=520  \\$aIn this hallucinatory novel, an automobile provides the hellish tableau in which Vaughan, a "TV scientist" turned "nightmare angel of the highways," experiments with erotic atrocities among auto crash victims, each more sinister than the last. James Ballard, his friend and fellow obsessive, tells the story of this twisted visionary as he careens rapidly toward his own demise in an internationally orchestrated car crash with Elizabeth Taylor.
=650  \0$aCompulsive behavior
=650  \0$aMale friendship$vFiction.
=650  \0$aObsessive-compulsive disorder$vFiction.
=650  \0$aTraffic accident victims$vFiction.
=650  \0$aTraffic accidents
=650  \0$aTraffic accidents$vFiction.
=650  \0$aWomen$xCrimes against$vFiction.
=650  \7$aBilolyckor$0https://id.kb.se/term/sao/Bilolyckor$2sao
=650  \7$aBrott mot kvinnor$0https://id.kb.se/term/sao/Brott%20mot%20kvinnor$2sao
=650  \7$aTvångssyndrom$0https://id.kb.se/term/sao/Tv%C3%A5ngssyndrom$2sao
=655  \7$aRomaner$0https://id.kb.se/term/saogf/Romaner$2saogf
=856  48$3Omslagsbild$uhttps://s2.adlibris.com/images/30480123/crash.jpg

