=LDR  00848nam a2200253 a 4500
=001  014785570
=003  Uk
=005  20091208162109.0
=008  081022s2008\\\\enk\\\\\\\\\\\000\1\eng\\
=015  \\$aGBA9C2295$2bnb
=016  7\$a014785570$2Uk
=020  \\$a9780006548140 (pbk.) :$c£7.99
=040  \\$aUk$beng$cUk
=042  \\$aukblsr
=082  04$a823.914$222
=100  1\$aBallard, J. G.$d1930-2009$1http://viaf.org/viaf/9842556$4http://rdaregistry.info/Elements/w/object/P10061
=240  10$aRushing to paradise$1http://viaf.org/viaf/1313145424719986830495
=245  10$aRushing to paradise /$cJ. G. Ballard.
=260  \\$aLondon :$bHarperCollins Publishers,$c2008.
=300  \\$a238 pages, 16 pages ;$c20 cm.
=336  \\$atext$2rdacontent$0http://rdaregistry.info/termList/RDAContentType/1020
=337  \\$aunmediated$2rdamedia$0http://rdaregistry.info/termList/RDAMediaType/1007
=338  \\$avolume$2rdacarrier$0http://rdaregistry.info/termList/RDACarrierType/1049
=380  \\$aFiction
=500  \\$aFirst published in 1994 by Flamingo.

