=LDR  00902 am a2200289ui 4500
=001  010705361
=003  UK
=005  20160601115100.0
=008  780728r19781965enk\\\\||\\\\\000\1|eng\\
=015  \\$aGB7824520$2bnb
=019  1\$a058604504x
=019  9\$a058604504x
=019  y\$aB7824520
=020  \\$a058604504X (pbk) :$c£0.80
=040  \\$aUk$cUk
=082  04$a823/.9/1$218
=100  1\$aBallard, J. G.$d1930-2009$1http://viaf.org/viaf/9842556$4http://rdaregistry.info/Elements/w/object/P10061
=240  10$aThe drought$1http://viaf.org/viaf/308000706
=245  14$aThe drought /$cJ.G. Ballard.
=260  \\$aSt Albans :$bTriad,$c1978.
=300  \\$a188p. ;$c18cm.
=336  \\$atext$2rdacontent$0http://rdaregistry.info/termList/RDAContentType/1020
=337  \\$aunmediated$2rdamedia$0http://rdaregistry.info/termList/RDAMediaType/1007
=338  \\$avolume$2rdacarrier$0http://rdaregistry.info/termList/RDACarrierType/1049
=380  \\$aFiction
=500  \\$aOriginally published: London : Cape, 1965.
=650  \0$aFiction in English.
=653  \\$aFiction in English$a1900-$aTexts

