=LDR  01000 am a2200313ua 4500
=001  009380953
=003  UK
=005  20160601115100.0
=008  030428r20031975enk\\\\||\\\\\000\1|eng\\
=015  \\$aGBA3Z2483$2bnb
=019  1\$a0007162979
=019  9\$a0007162979
=019  y\$abA3Z2483
=020  \\$a0007162979 (pbk.) :$c£6.99
=039  0\$a2739
=040  \\$aStDuBDS$dUk
=082  04$a823.914$221
=100  1\$aBallard, J. G.$d1930-2009$1http://viaf.org/viaf/9842556$4http://rdaregistry.info/Elements/w/object/P10061
=240  10$aHigh-rise$1http://viaf.org/viaf/308016990
=245  10$aHigh-rise /$cJ.G. Ballard.
=260  \\$aLondon :$bFlamingo,$c2003.
=300  \\$a198 pages ;$c18 cm.
=336  \\$atext$2rdacontent$0http://rdaregistry.info/termList/RDAContentType/1020
=337  \\$aunmediated$2rdamedia$0http://rdaregistry.info/termList/RDAMediaType/1007
=338  \\$avolume$2rdacarrier$0http://rdaregistry.info/termList/RDACarrierType/1049
=380  \\$aFiction
=490  0\$aFlamingo 70s classics series
=500  \\$aOriginally published: London: Jonathan Cape, 1975.
=650  \0$aHigh-rise apartment buildings$xSocial aspects$vFiction.
=655  07$aDystopias.$2gsafd

