=LDR  00865 am a2200277ui 4500
=001  007362338
=003  UK
=005  20160601115100.0
=008  791026s1979\\\\enk\\\\||\\\\\000\1|eng\\
=015  \\$aGB7925384$2bnb
=019  1\$a022401742x
=019  9\$a022401742x
=019  y\$aB7925384
=020  \\$a022401742X :$c£4.95
=040  \\$aUk$cUk
=082  04$a823/.9/1$218
=100  1\$aBallard, J. G.$d1930-2009$1http://viaf.org/viaf/9842556$4http://rdaregistry.info/Elements/w/object/P10061
=240  10$aThe unlimited dream company$1http://viaf.org/viaf/307972381
=245  14$aThe unlimited dream company /$cJ.G. Ballard.
=260  \\$aLondon :$bCape,$c1979.
=300  \\$a223p. ;$c21cm.
=336  \\$atext$2rdacontent$0http://rdaregistry.info/termList/RDAContentType/1020
=337  \\$aunmediated$2rdamedia$0http://rdaregistry.info/termList/RDAMediaType/1007
=338  \\$avolume$2rdacarrier$0http://rdaregistry.info/termList/RDACarrierType/1049
=380  \\$aFiction
=650  \0$aFiction in English.
=653  \\$aFiction in English$a1900-$aTexts

