=LDR  01187cam a2200301 i 4500
=001  016659427
=003  Uk
=005  20140407134314.0
=008  901221r19911990nyu\\\\\\\\\\|0|1\1|eng\\
=010  \\$a   90027919
=020  \\$a0374286450 (hardcover)
=040  \\$aDLC$beng$cDLC$dDLC$dUk$erda
=042  \\$aukblsr
=050  00$aPR6052.A46$bW37 1991
=082  04$a823.914$223
=100  1\$aBallard, J. G.$d1930-2009$eauthor.$1http://viaf.org/viaf/9842556$4http://rdaregistry.info/Elements/w/object/P10061
=240  10$aWar fever$kSelections$1http://www.wikidata.org/entity/Q7968436
=245  10$aWar fever /$cJ.G. Ballard.
=250  \\$aFirst American edition.
=264  \1$aNew York :$bFarrar, Straus, Giroux,$c1991.
=300  \\$a175 pages ;$c24 cm
=336  \\$atext$2rdacontent$0http://rdaregistry.info/termList/RDAContentType/1020
=337  \\$aunmediated$2rdamedia$0http://rdaregistry.info/termList/RDAMediaType/1007
=338  \\$avolume$2rdacarrier$0http://rdaregistry.info/termList/RDACarrierType/1049
=380  \\$aFiction
=500  \\$aIncludes index.
=500  \\$aOriginally published: Great Britain : William Collins Sons & Company Limited. 1990.
=856  42$3Contributor biographical information$uhttp://www.loc.gov/catdir/enhancements/fy0667/90027919-b.html
=856  42$3Publisher description$uhttp://www.loc.gov/catdir/enhancements/fy0667/90027919-d.html

