=LDR  01307cam a2200373   4500
=001  7219362
=003  SE-LIBR
=005  20090422155540.0
=008  011211s1981\\\\sw\|||||||||||000\f|swe|\
=020  \\$a9120065892$qINB.$c106:75
=040  \\$aNB
=041  1\$aswe$heng
=042  \\$9NB
=082  04$a839.78$222 (machine generated)
=084  \\$5G$aHcee.01$2kssb/5
=084  \\$5Mo$aHcee.01$2kssb/8
=084  \\$5NB$aHce$2kssb/5
=084  \\$aHcee.01$2kssb/5
=100  1\$aBallard, J. G.$d1930-2009$0https://libris.kb.se/dbqssg6x38zr5cn#it$1http://viaf.org/viaf/9842556$4http://rdaregistry.info/Elements/w/object/P10061
=240  10$aThe unlimited dream company$1http://viaf.org/viaf/307972381
=245  00$aDrömbolaget /$cJ. G. Ballard ; till svenska av Peter Stewart.
=249  \4$aThe unlimited dream company.
=264  \1$aStockholm :$bAWE/Geber,$c1981
=264  \3$aVärnamo :$bFälth
=300  \\$a253, [1] s.$c22 cm
=336  \\$atext$btxt$2rdacontent$0http://rdaregistry.info/termList/RDAContentType/1020
=337  \\$aunmediated$bn$2rdamedia$0http://rdaregistry.info/termList/RDAMediaType/1007
=338  \\$avolume$bnc$2rdacarrier$0http://rdaregistry.info/termList/RDACarrierType/1049
=340  \\$b22 cm
=380  \\$aNovel
=500  \\$5Mo$aAnnan upplaga kan finnas vid biblioteket
=500  \\$5Mo$aFörsta svenska upplaga 1981
=500  \\$5Mo$aOrig:s titel The unlimited dream company
=500  \\$5Mo$asvenska
=500  \\$5Um$aSkönlitteratur. Annan uppl. kan finnas vid biblioteket
=653  \\$5Mo$aScience fiction
=655  \4$5Mo$aBok
=700  1\$aStewart, Peter$4trl

