=LDR  02997aam a22006251i 4500
=001  020989068
=003  UkOxU
=005  20180620231020.0
=006  m\\\\||\\d\|\\\\\\
=007  cr\|||||||||||
=008  150130s2004\\\\enk\\\\\o\\\\\000\1\eng\d
=015  \\$aGBB7H4471$2bnb
=020  \\$a1407020382$q(electronic bk.)
=020  \\$a9781407020389$q(electronic bk.)
=020  \\$z0099458209
=020  \\$z9780099458203
=037  \\$aTheRandomHouseGroup140699$bIngram Content Group
=040  \\$aTEFOD$beng$erda$epn$cTEFOD$dOCLCO$dTEFOD$dOCLCF$dUk
=042  \\$aukblsr
=050  \4$aRM666.P48$bH89 2004eb
=082  04$a615.32$222
=100  1\$aHuxley, Aldous,$d1894-1963.$1http://viaf.org/viaf/71392434$4http://rdaregistry.info/Elements/w/object/P10061
=245  14$aThe doors of perception :$band, Heaven and hell /$cAldous Huxley ; with a foreword by J. G. Ballard ; and a biographical introduction by David Bradshaw.
=246  12$aHeaven and hell
=264  \1$aLondon :$bVintage,$c2004.
=300  \\$a1 online resource (125 pages).
=336  \\$atext$2rdacontent$0http://rdaregistry.info/termList/RDAContentType/1020
=337  \\$acomputer$2rdamedia$0http://rdaregistry.info/termList/RDAMediaType/1003
=338  \\$aonline resource$2rdacarrier$0http://rdaregistry.info/termList/RDACarrierType/1018
=336  \\$atekst$0http://rdaregistry.info/termList/RDAContentType/1020
=337  \\$adatamaskin$0http://rdaregistry.info/termList/RDAMediaType/1003
=338  \\$aonline ressurs$0http://rdaregistry.info/termList/RDACarrierType/1018
=347  \\$adata file$2rda
=380  \\$aSpråkbasert verk$1https://schema.nb.no/Bibliographic/Values/V1000
=500  \\$aAcademic
=500  \\$aThe doors of perception originally published: Chatto & Windus, 1954; Heaven and hell originally published: Chatto & Windus, 1956.
=505  0\$aThe doors of perception -- Heaven and hell.
=506  1\$aLegal Deposit;$cOnly available on premises controlled by the deposit library and to one user at any one time;$eThe Legal Deposit Libraries (Non-Print Works) Regulations (UK).$5UkOxU
=540  \\$aRestricted: Printing from this resource is governed by The Legal Deposit Libraries (Non-Print Works) Regulations (UK) and UK copyright law currently in force.$5UkOxU
=588  0\$aPrint version record.
=650  \0$aHallucinogenic drugs.
=650  \0$aMescaline.
=650  \0$aMysticism$xHistory.
=650  \0$aVisions.
=650  \7$aHallucinogenic drugs.$2fast$0(OCoLC)fst00950651
=650  \7$aMescaline.$2fast$0(OCoLC)fst01017299
=650  \7$aMysticism.$2fast$0(OCoLC)fst01031629
=650  \7$aVisions.$2fast$0(OCoLC)fst01167909
=655  \0$aClassical fiction
=655  \4$aElectronic books.
=655  \7$aHistory.$2fast$0(OCoLC)fst01411628
=700  1\$aBallard, J.G.$d1930-2009$1http://viaf.org/viaf/9842556$4aui
=700  1\$aBradshaw, David$1http://viaf.org/viaf/71482503$4aui
=700  \2$tHeaven and hell$aHuxley, Aldous$d1894-1963$1http://viaf.org/viaf/177772835
=700  \2$tThe doors of perception$aHuxley, Aldous$d1894-1963$1http://viaf.org/viaf/309284854
=876  \\$0ark:/81055/vdc_100048690907.0x000001$aark:/81055/vdc_100048690833.0x000001

