=LDR  01322cam a22003977a 4500
=001  11661580
=003  SE-LIBR
=005  20091104150615.0
=008  091104r20052003enk\\\\\\\\\\\000\f\eng\c
=015  \\$aGBA506395$2bnb
=016  7\$a013092179$2Uk
=020  \\$a0-00-720444-2 (pbk.)
=020  \\$a978-0-00-720444-1 (pbk.)
=040  \\$aUKM$cUKM$dBWKUK$dOCLCG$dGbg
=041  \\$aeng
=042  \\$aukblsr
=050  \4$aPS3552.U75$bN3 2005
=082  04$a813.54$222
=084  \\$5Mo$aHe.01$2kssb/8
=084  \\$aHe.01$2kssb/8
=100  1\$aBurroughs, William S.,$d1914-1997$0179750$1http://viaf.org/viaf/108916275$4http://rdaregistry.info/Elements/w/object/P10061
=240  1\$aNaked lunch$1http://viaf.org/viaf/178436556
=245  10$aNaked lunch :$bthe restored text /$cWilliam Burroughs ; edited by James Grauerholz and Barry Miles ; with an introduction by J.G. Ballard
=260  \\$aLondon :$bHarper Perennial,$c2005
=300  \\$a289 pages ;$c20 cm.
=336  \\$atext$btxt$2rdacontent$0http://rdaregistry.info/termList/RDAContentType/1020
=337  \\$aunmediated$bn$2rdamedia$0http://rdaregistry.info/termList/RDAMediaType/1007
=338  \\$avolume$bnc$2rdacarrier$0http://rdaregistry.info/termList/RDACarrierType/1049
=380  \\$aNovel
=546  \\$5Mo$aengelska
=650  \0$aDrug abuse$vFiction.
=653  \\$5Mo$aBeat generation
=653  \\$5Mo$aDroger
=653  \\$5Mo$aNarkotika
=653  \\$5Mo$aScience fiction
=653  \\$5Mo$aSkönlitteratur
=655  \4$5Mo$aBok
=655  \7$aBlack humor (Literature)$2gsafd
=700  1\$aGrauerholz, James.$1http://viaf.org/viaf/195632924$4http://rdaregistry.info/Elements/e/object/P20327
=700  1\$aMiles, Barry,$d1943-$0220911$1http://viaf.org/viaf/109756036$4http://rdaregistry.info/Elements/e/object/P20327
=700  1\$aBallard, J.G.$d1930-2009$1http://viaf.org/viaf/9842556$4aui$4http://rdaregistry.info/Elements/m/object/P30328

