=LDR  00834cam a22002293a 4500
=001  10247567
=003  SE-LIBR
=005  20090422155658.0
=008  061027s\\\\\\\\xxk||||\\\\\\|00|\||eng\c
=020  \\$a0-00-720444-2
=040  \\$aLkhm
=082  04$a820$222 (machine generated)
=084  \\$aHe$2kssb/7
=100  1\$aBurroughs, William S.,$d1914-1997$0179750$1http://viaf.org/viaf/108916275$4http://rdaregistry.info/Elements/w/object/P10061
=240  1\$aNaked lunch$1http://viaf.org/viaf/178436556
=245  10$aNaked Lunch:$bThe restored text/$cedited by James Grauerholz and Barry Miles. With an introduction by J.G. Ballard
=250  \\$a2. ed.
=260  \\$aLondon:$bHarper Perennial,$c2005
=300  \\$a289 s. :$billustrations.
=336  \\$atext$btxt$2rdacontent$0http://rdaregistry.info/termList/RDAContentType/1020
=337  \\$aunmediated$bn$2rdamedia$0http://rdaregistry.info/termList/RDAMediaType/1007
=338  \\$avolume$bnc$2rdacarrier$0http://rdaregistry.info/termList/RDACarrierType/1049
=700  1\$aGrauerholz, James$1http://viaf.org/viaf/195632924$4http://rdaregistry.info/Elements/e/object/P20327
=700  1\$aMiles, Barry$1http://viaf.org/viaf/109756036$4http://rdaregistry.info/Elements/e/object/P20327
=700  1\$aBallard, J.G.$d1930-2009$1http://viaf.org/viaf/9842556$4aui$4http://rdaregistry.info/Elements/m/object/P30328

