=LDR  01217cam a2200253 c 4500
=001  990413872604702201
=003  BIBSYS
=005  20170126151801.0
=007  ta
=008  040611s2003\\\\xx#|||||||||||000|0|swe|\
=020  \\$a9170184917$qh.
=040  \\$aNO-OsNB$bnob$ekatreg
=082  74$a809.3$qNO-OsNB$25/nor
=100  1\$aHolmberg, John-Henri$d1949-$0(NO-TrBIB)90505717$1http://viaf.org/viaf/30832323$4http://rdaregistry.info/Elements/w/object/P10061
=240  \\$aInre landskap och yttre rymd$1http://www.wikidata.org/entity/Q59191181/2
=245  10$aInre landskap och yttre rymd$bscience fictions historia$nD. 2$pFrån J.G. Ballard till Gene Wolfe
=260  \\$aLund$bBibliotekstjänst$c2003
=300  \\$a621 s.
=336  \\$atekst$0http://rdaregistry.info/termList/RDAContentType/1020
=337  \\$auformidlet$0http://rdaregistry.info/termList/RDAMediaType/1007
=338  \\$abind$0http://rdaregistry.info/termList/RDACarrierType/1049
=380  \\$aSpråkbasert verk$1https://schema.nb.no/Bibliographic/Values/V1000
=653  \\$ascience$afiction$ahistorisk$aframstilling
=773  08$iInkludert i$aHolmberg, John-Henri, 1949-$tInre landskap och yttre rymd$dLund : Bibliotekstjänst, 2002-2003$gD. 2$w990400951424702201

