=LDR  00924 am a2200289ua 4500
=001  010705970
=003  UK
=005  20160601115100.0
=008  850204r19841982enk\\\\||\\\\\000\j|eng\\
=015  \\$aGB8506399$2bnb
=019  1\$a0586058885
=019  9\$a0586058885
=019  y\$ab8506399
=020  \\$a0586058885 (pbk) :$c£1.95
=039  0\$a1827
=040  \\$aUk$cUk
=082  04$a823/.914$219
=100  1\$aBallard, J. G.$d1930-2009$1http://viaf.org/viaf/9842556$4http://rdaregistry.info/Elements/w/object/P10061
=240  10$aMyths of the near future$1http://viaf.org/viaf/311468611
=245  10$aMyths of the near future /$cJ. G. Ballard.
=260  \\$aLondon :$bTriad,$c1984, c1982.
=300  \\$a205p. ;$c20cm.
=336  \\$atext$2rdacontent$0http://rdaregistry.info/termList/RDAContentType/1020
=337  \\$aunmediated$2rdamedia$0http://rdaregistry.info/termList/RDAMediaType/1007
=338  \\$avolume$2rdacarrier$0http://rdaregistry.info/termList/RDACarrierType/1049
=380  \\$aShort story
=500  \\$aOriginally published: London : Cape, 1982.
=653  \\$aShort stories in English$a1945-$aTexts

