=LDR  00948 am a2200313ua 4500
=001  007363243
=003  UK
=005  20160601115100.0
=008  821206s1982\\\\enk\\\\\|\\\\\000\j\eng\\
=015  \\$aGB8225521$2bnb
=019  1\$a0224029363
=019  9\$a0224029363
=019  y\$aB8225521
=020  \\$a0224029363 :$c£6.95
=039  0\$a1718
=040  \\$aUk$cUk
=050  00$aPR6052.A46
=082  04$a823/.9/1$218
=082  04$a823/.914$219
=100  1\$aBallard, J. G.$d1930-2009$1http://viaf.org/viaf/9842556$4http://rdaregistry.info/Elements/w/object/P10061
=240  10$aMyths of the near future$1http://viaf.org/viaf/311468611
=245  10$aMyths of the near future /$cJ.G. Ballard.
=260  \\$aLondon :$bCape,$c1982.
=300  \\$a205p. ;$c21cm.
=336  \\$atext$2rdacontent$0http://rdaregistry.info/termList/RDAContentType/1020
=337  \\$aunmediated$2rdamedia$0http://rdaregistry.info/termList/RDAMediaType/1007
=338  \\$avolume$2rdacarrier$0http://rdaregistry.info/termList/RDACarrierType/1049
=380  \\$aShort story
=650  \0$aScience fiction, English.
=653  \\$aShort stories in English$a1945-$aTexts

