=LDR  00772 am a22002777a 4500
=001  010662113
=003  UK
=005  20160601115100.0
=008  950109r19951973enk\\\\||\\\\\000\1|eng\\
=015  \\$aGB9508048$2bnb
=019  1\$a0099334917
=019  9\$a0099334917
=019  y\$ab9508048
=020  \\$a0099334917 (pbk) :$c£5.99
=039  0\$a2323
=040  \\$aUk$cUk
=082  04$a823.914$220
=100  1\$aBallard, J. G.$d1930-2009$1http://viaf.org/viaf/9842556$4http://rdaregistry.info/Elements/w/object/P10061
=240  10$aCrash$1http://viaf.org/viaf/305922109
=245  10$aCrash.
=260  \\$aLondon :$bVintage,$c1995.
=300  \\$a224p.
=336  \\$atext$2rdacontent$0http://rdaregistry.info/termList/RDAContentType/1020
=337  \\$aunmediated$2rdamedia$0http://rdaregistry.info/termList/RDAMediaType/1007
=338  \\$avolume$2rdacarrier$0http://rdaregistry.info/termList/RDACarrierType/1049
=380  \\$aFiction
=653  1\$aEnglish fiction

