=LDR  00863 am a2200289ua 4500
=001  007364210
=003  UK
=005  20160601115100.0
=008  850107r19841965enk\\\\||\\\\\000\1|eng\\
=015  \\$aGB8421509$2bnb
=019  1\$a0224609521
=019  9\$a0224609521
=019  y\$ab8421509
=020  \\$a0224609521 :$c£8.95
=039  0\$a1823
=040  \\$aUk$cUk
=050  00$aPR6052.A46
=082  04$a823/.914$219
=100  1\$aBallard, J. G.$d1930-2009$1http://viaf.org/viaf/9842556$4http://rdaregistry.info/Elements/w/object/P10061
=240  10$aThe drought$1http://viaf.org/viaf/308000706
=245  14$aThe drought /$cJ.G. Ballard.
=260  \\$aLondon :$bCape,$c1965$g(1984 [printing])
=300  \\$a252p. ;$c20cm.
=336  \\$atext$2rdacontent$0http://rdaregistry.info/termList/RDAContentType/1020
=337  \\$aunmediated$2rdamedia$0http://rdaregistry.info/termList/RDAMediaType/1007
=338  \\$avolume$2rdacarrier$0http://rdaregistry.info/termList/RDACarrierType/1049
=380  \\$aFiction
=653  \\$aFiction in English$a1945-$aTexts

