=LDR  01032pam a2200313 i 4500
=001  017379931
=003  Uk
=005  20170503122714.0
=008  150423r20161975enk\\\\\\\\\\\000|1|eng|d
=015  \\$aGBB569149$2bnb
=016  7\$a017379931$2Uk
=020  \\$a9780008134891 (pbk.) :$c£7.99
=040  \\$aStDuBDS$beng$cStDuBDS$dUk$erda
=042  \\$aukblcatcopy
=082  04$a823.914$223
=100  1\$aBallard, J. G.$d1930-2009$eauthor.$1http://viaf.org/viaf/9842556$4http://rdaregistry.info/Elements/w/object/P10061
=240  10$aHigh-rise$1http://viaf.org/viaf/308016990
=245  10$aHigh-rise /$cJ.G. Ballard.
=250  \\$aFilm tie-in edition.
=264  \1$aLondon :$b4th Estate,$c2016.
=300  \\$a248 pages ;$c20 cm
=336  \\$atext$2rdacontent$0http://rdaregistry.info/termList/RDAContentType/1020
=337  \\$aunmediated$2rdamedia$0http://rdaregistry.info/termList/RDAMediaType/1007
=338  \\$avolume$2rdacarrier$0http://rdaregistry.info/termList/RDACarrierType/1049
=380  \\$aFiction
=500  \\$aFilm tie-in.
=500  \\$aFormerly CIP.$5Uk
=500  \\$aOriginally published: London: Cape, 1975.
=650  \0$aHigh-rise apartment buildings$xSocial aspects$vFiction.
=655  \0$aDystopias.

