=LDR  00998 am a2200301ua 4500
=001  010707324
=003  UK
=005  20160601115100.0
=008  931206s1993\\\\enk\\\\||\\\\\000\||eng\\
=015  \\$aGB9360601$2bnb
=019  1\$a0586089926
=019  9\$a0586089926
=019  y\$ab9360601
=020  \\$a0586089926 (pbk) :$c£6.99
=039  0\$a2269
=040  \\$aUkCU$dUk
=082  04$a823.914$220
=100  1\$aBallard, J. G.$d1930-2009$1http://viaf.org/viaf/9842556$4http://rdaregistry.info/Elements/w/object/P10061
=240  10$aThe atrocity exhibition$1http://viaf.org/viaf/182227002
=245  14$aThe atrocity exhibition /$cJ.G. Ballard ; with author's annotations ; preface by William S. Burroughs.
=250  \\$aRev., expanded and annotated ed.
=260  \\$aLondon :$bFlamingo,$c1993.
=300  \\$a135p. ;$c25cm.
=336  \\$atext$2rdacontent$0http://rdaregistry.info/termList/RDAContentType/1020
=337  \\$aunmediated$2rdamedia$0http://rdaregistry.info/termList/RDAMediaType/1007
=338  \\$avolume$2rdacarrier$0http://rdaregistry.info/termList/RDACarrierType/1049
=500  \\$aPrevious ed.: London : Cape, 1970.
=653  1\$aEnglish fiction

