=LDR  00788 am a22002777a 4500
=001  010661264
=003  UK
=005  20160601115100.0
=008  941206r19941981enk\\\\||\\\\\000\1|eng\\
=015  \\$aGB9500620$2bnb
=019  1\$a0099265915
=019  9\$a0099265915
=019  y\$ab9500620
=020  \\$a0099265915 (pbk) :$c£5.99
=039  0\$a2320
=040  \\$aUk$cUk
=082  04$a823.914$220
=100  1\$aBallard, J. G.$d1930-2009$1http://viaf.org/viaf/9842556$4http://rdaregistry.info/Elements/w/object/P10061
=240  10$aHello America$1http://viaf.org/viaf/202977755
=245  10$aHello America.
=260  \\$aLondon :$bVintage,$c1994.
=300  \\$a224p.
=336  \\$atext$2rdacontent$0http://rdaregistry.info/termList/RDAContentType/1020
=337  \\$aunmediated$2rdamedia$0http://rdaregistry.info/termList/RDAMediaType/1007
=338  \\$avolume$2rdacarrier$0http://rdaregistry.info/termList/RDACarrierType/1049
=380  \\$aFiction
=653  1\$aEnglish fiction

