=LDR  00797 am a22002777a 4500
=001  010705077
=003  UK
=005  20160601115100.0
=008  940614s1993\\\\enkc\\\||\\\\\000\1|eng\\
=015  \\$aGB9449371$2bnb
=019  1\$a0586024190
=019  9\$a0586024190
=019  y\$ab9449371
=020  \\$a0586024190 (pbk) :$c£5.99
=039  0\$a2295
=040  \\$aUk$cUk
=082  04$a823.914$220
=100  1\$aBallard, J. G.$d1930-2009$1http://viaf.org/viaf/9842556$4http://rdaregistry.info/Elements/w/object/P10061
=240  10$aThe crystal world$1http://viaf.org/viaf/307967896
=245  14$aThe crystal world.
=260  \\$aLondon :$bFlamingo,$c1993.
=300  \\$a175p.
=336  \\$atext$2rdacontent$0http://rdaregistry.info/termList/RDAContentType/1020
=337  \\$aunmediated$2rdamedia$0http://rdaregistry.info/termList/RDAMediaType/1007
=338  \\$avolume$2rdacarrier$0http://rdaregistry.info/termList/RDACarrierType/1049
=380  \\$aFiction
=653  1\$aEnglish fiction

