=LDR  00674nam a22002173  4500
=001  004120253
=003  UK
=005  20200127184706.0
=008  010814s1970\\\\enk\\\\||\\\\\000\||eng\\
=019  x\$a5000111966
=020  \\$a0586024190
=040  \\$aUK$cUk
=100  1\$aBallard, J. G.$d1930-2009$1http://viaf.org/viaf/9842556$4http://rdaregistry.info/Elements/w/object/P10061
=240  10$aThe crystal world$1http://viaf.org/viaf/307967896
=245  14$aThe crystal world. Reprinted.
=264  \1$aLondon :$bPanther,$c1970.
=300  \\$a175 pages
=336  \\$atext$2rdacontent$0http://rdaregistry.info/termList/RDAContentType/1020
=337  \\$aunmediated$2rdamedia$0http://rdaregistry.info/termList/RDAMediaType/1007
=338  \\$avolume$2rdacarrier$0http://rdaregistry.info/termList/RDACarrierType/1049
=490  0\$a(Panther Science Fiction.)

