=LDR  01560cam a2200337 c 4500
=001  991016955514702201
=003  BIBSYS
=005  20210601180427.0
=007  ta
=008  150206s2008\\\\xx#|||||||||||000|u|eng|d
=020  \\$a9780007287024$qib.
=040  \\$aNO-TrBIB$bnob$ekatreg
=080  \\$a1
=080  \\$a176.7
=080  \\$a656.08
=080  \\$a82-3
=100  1\$aBallard, J.G.$d1930-2009$0(NO-TrBIB)90199005$1http://viaf.org/viaf/9842556$4http://rdaregistry.info/Elements/w/object/P10061
=240  10$aCrash$1http://viaf.org/viaf/305922109
=245  10$aCrash$cJ.G. Ballard
=260  \\$aLondon$bHarper Perennial$c2008
=300  \\$a[3], 185, 30 s.
=336  \\$atekst$0http://rdaregistry.info/termList/RDAContentType/1020
=337  \\$auformidlet$0http://rdaregistry.info/termList/RDAMediaType/1007
=338  \\$abind$0http://rdaregistry.info/termList/RDACarrierType/1049
=380  \\$aSpråkbasert verk$1https://schema.nb.no/Bibliographic/Values/V1000
=500  \\$aFørst utgitt i 1973
=856  42$3Beskrivelse fra forlaget (kort)$uhttp://content.bibsys.no/content/?type=descr_publ_brief&isbn=000728702x
=856  42$3Beskrivelse fra forlaget (lang)$uhttp://content.bibsys.no/content/?type=descr_publ_full&isbn=000728702x
=856  42$3Forlagets beskrivelse (kort)$uhttps://contents.bibs.aws.unit.no/content/?isbn=9780007287024
=856  42$3Forlagets beskrivelse (lang)$uhttps://contents.bibs.aws.unit.no/content/?isbn=9780007287024
=856  42$3Omslagsbilde$uhttp://innhold.bibsys.no/bilde/forside/?size=mini&id=9780007287024.jpg$qimage/jpeg

