=LDR  01135nam a2200265 a 4500
=001  013391285
=003  UkOxU
=005  20090713102724.0
=008  990301s1998\\\\enk\\\\\\\\\\\001\0\eng\d
=015  \\$aGB 98-V4695
=020  \\$a0746308671
=050  \4$aPR6052.A46$bZ65 1998
=082  0\$a823.914$221
=100  1\$aDelville, Michel,$d1969-$1http://viaf.org/viaf/64159049$4http://rdaregistry.info/Elements/w/object/P10061
=240  \\$aJ.G.Ballard$1http://viaf.org/viaf/64159049/jgballard
=245  10$aJ. G. Ballard /$cMichel Delville.
=260  \\$aPlymouth :$bNorthcote House in association with the British Council,$c1998.
=300  \\$ax, 102 p,$b1 port ;$c22 cm.
=336  \\$atekst$0http://rdaregistry.info/termList/RDAContentType/1020
=337  \\$auformidlet$0http://rdaregistry.info/termList/RDAMediaType/1007
=338  \\$abind$0http://rdaregistry.info/termList/RDACarrierType/1049
=380  \\$aSpråkbasert verk$1https://schema.nb.no/Bibliographic/Values/V1000
=600  10$aBallard, J. G.$d1930-2009$xCriticism and interpretation.$1http://viaf.org/viaf/9842556
=710  2\$aBritish Council.
=830  \0$aWriters and their work.

