=LDR  00873 am a2200289ui 4500
=001  007361952
=003  UK
=005  20160601115100.0
=008  751211s1975\\\\enk\\\\\|\\\\\000\1\eng\\
=015  \\$aGB7530630$2bnb
=019  1\$a0224011685
=019  9\$a0224011685
=019  y\$aB7530630
=020  \\$a0224011685 :$c£2.95
=040  \\$aUk$cUk
=082  04$a823/.9/1$218
=100  1\$aBallard, J. G.$d1930-2009$1http://viaf.org/viaf/9842556$4http://rdaregistry.info/Elements/w/object/P10061
=240  10$aHigh-rise$1http://viaf.org/viaf/308016990
=245  10$aHigh-rise /$cJ.G. Ballard.
=260  \\$aLondon :$bCape,$c1975.
=300  \\$a[2],204p. ;$c21cm.
=336  \\$atext$2rdacontent$0http://rdaregistry.info/termList/RDAContentType/1020
=337  \\$aunmediated$2rdamedia$0http://rdaregistry.info/termList/RDAMediaType/1007
=338  \\$avolume$2rdacarrier$0http://rdaregistry.info/termList/RDACarrierType/1049
=380  \\$aFiction
=650  \0$aFiction in English.
=653  \\$aFiction in English$a1900-$aTexts
=655  \7$aScience fiction.$2gsafd

