=LDR  00767nam a2200217 i 4500
=001  020338627
=003  UkOxU
=005  20160111122127.0
=008  150612t20142014enk\\\\\\\\\\\000\1\eng\d
=020  \\$a9780006550648$qpaperback
=040  \\$aUkOxU$beng$erda$cUkOxU
=100  1\$aBallard, J. G.$d1930-2009$eauthor.$1http://viaf.org/viaf/9842556$4http://rdaregistry.info/Elements/w/object/P10061
=240  10$aCocaine nights$1http://viaf.org/viaf/7815148574285124430000
=245  10$aCocaine nights /$cJ. G. Ballard.
=264  \1$aLondon :$bFourth estate,$c2014.
=264  \4$c©2014
=300  \\$a334 pages ;$c20 cm
=336  \\$atext$2rdacontent$0http://rdaregistry.info/termList/RDAContentType/1020
=337  \\$aunmediated$2rdamedia$0http://rdaregistry.info/termList/RDAMediaType/1007
=338  \\$avolume$2rdacarrier$0http://rdaregistry.info/termList/RDACarrierType/1049
=380  \\$aFiction
=500  \\$aFirst published in Great Britain by Flamingo in 1996.

