=LDR  01161cam a2200325   4500
=001  7281000
=003  SE-LIBR
=005  20090507170615.0
=008  011211s1986\\\\sw\|||||||||||000\f|swe|\
=020  \\$a9146149287$qINB.$c165:00
=040  \\$aNB
=041  1\$aswe$heng
=042  \\$9NB
=082  04$a820$222 (machine generated)
=084  \\$5Kd$aHe.01=c$2kssb/6
=084  \\$5LnuV$aHcee.01$2kssb/6
=084  \\$5NB$aHce$2kssb
=084  \\$5Q$aHe.01=c$2kssb/6
=084  \\$5S$aHe=c$2kssb/5
=084  \\$aHe=c$2kssb/5
=100  1\$aBallard, J. G.$d1930-2009$0https://libris.kb.se/dbqssg6x38zr5cn#it$1http://viaf.org/viaf/9842556$4http://rdaregistry.info/Elements/w/object/P10061
=240  10$aEmpire of the sun$1http://viaf.org/viaf/180997771
=245  00$aSolens rike :$broman /$cJ. G. Ballard ; översättning av Hans-Jacob Nilsson.
=249  \0$aEmpire of the sun.
=264  \1$aStockholm :$bWahlström and Widstrand,$c1986
=264  \3$aFinland
=300  \\$a319, [1] s.$c22 cm
=336  \\$atext$btxt$2rdacontent$0http://rdaregistry.info/termList/RDAContentType/1020
=337  \\$aunmediated$bn$2rdamedia$0http://rdaregistry.info/termList/RDAMediaType/1007
=338  \\$avolume$bnc$2rdacarrier$0http://rdaregistry.info/termList/RDACarrierType/1049
=340  \\$b22 cm
=380  \\$aNovel
=500  \\$5Um$aSkönlitteratur. Annan uppl. kan finnas vid biblioteket
=700  1\$aNilsson, Hans-Jacob,$d1949-$4trl$0https://libris.kb.se/53hlqmjp5grtqrd#it$1http://viaf.org/viaf/237688467

