=LDR  00918 am a2200301ua 4500
=001  010705691
=003  UK
=005  20160601115100.0
=008  810121s1980\\\\enk\\\\||\\\\\000\j|eng\\
=015  \\$aGB8100415$2bnb
=019  1\$a0586051872
=019  9\$a0586051872
=019  y\$aB8100415
=020  \\$a0586051872 (pbk) :$c£0.95
=039  0\$a1619
=040  \\$aUk$cUk
=082  04$a823/.9/1$218
=082  04$a823/.914$219
=100  1\$aBallard, J. G.$d1930-2009$1http://viaf.org/viaf/9842556$4http://rdaregistry.info/Elements/w/object/P10061
=240  10$aThe venus hunters$1http://viaf.org/viaf/1189145424650786831387
=245  14$aThe Venus hunters /$cJ.G. Ballard.
=260  \\$aLondon :$bGranada,$c1980.
=300  \\$a144p. ;$c18cm.
=336  \\$atext$2rdacontent$0http://rdaregistry.info/termList/RDAContentType/1020
=337  \\$aunmediated$2rdamedia$0http://rdaregistry.info/termList/RDAMediaType/1007
=338  \\$avolume$2rdacarrier$0http://rdaregistry.info/termList/RDACarrierType/1049
=380  \\$aShort story
=490  0\$aA Panther book
=653  \\$aShort stories in English$a1945-$aTexts

