=LDR  01232cam a22002897a 4500
=001  11619974
=003  SE-LIBR
=005  20161121094346.0
=008  091008s2004\\\\xxk\\\\\\\\\\\000\0\eng\\
=020  \\$a9780099458203
=040  \\$aGbg
=041  1\$aeng
=082  04$a152.1$222 (machine generated)
=084  \\$aDodb$2kssb/8
=100  1\$aHuxley, Aldous,$d1894-1963.$0242878$1http://viaf.org/viaf/71392434$4http://rdaregistry.info/Elements/w/object/P10061
=245  14$aThe doors of perception ; Heaven and hell /$cAldous Huxley ; with a foreword by J. G. Ballard ; and a biographical introduction by David Bradshaw
=260  \\$aLondon :$bVintage books,$c2004
=300  \\$a123 s.
=336  \\$atext$btxt$2rdacontent$0http://rdaregistry.info/termList/RDAContentType/1020
=337  \\$aunmediated$bn$2rdamedia$0http://rdaregistry.info/termList/RDAMediaType/1007
=338  \\$avolume$bnc$2rdacarrier$0http://rdaregistry.info/termList/RDACarrierType/1049
=490  1\$aVintage classics
=650  \0$aPerception$0165258
=650  \0$aSenses and sensation
=650  \7$aPerception$2sao$0165258
=650  \7$aSinnen och förnimmelser$2sao$0146299
=700  1\$aBallard, J.G.$d1930-2009$0(NO-TrBIB)90199005$1http://viaf.org/viaf/9842556$4aui
=700  1\$aBradshaw, David$0(NO-TrBIB)90907071$1http://viaf.org/viaf/71482503$4aui
=700  \2$tHeaven and hell$aHuxley, Aldous$d1894-1963$1http://viaf.org/viaf/177772835
=700  \2$tThe doors of perception$aHuxley, Aldous$d1894-1963$1http://viaf.org/viaf/309284854

