=LDR  01454cam a2200385 a 4500
=001  10438805
=003  SE-LIBR
=005  20160404121434.0
=008  070509s2007\\\\sw\|||||||||||000\f|swe|c
=020  \\$a9789185000517
=040  \\$aLGEN$dQ$dS$ea
=041  1\$aswe$heng
=042  \\$9NB
=082  04$a823$222 (machine generated)
=084  \\$5LnuV$aHcee$2kssb/8
=084  \\$5Mo$aHcee.01$2kssb/8
=084  \\$aHcee.01$2kssb/8
=084  \\$aHe.01=c$2kssb/8
=100  1\$aBallard, J. G.$d1930-2009$4aut$0https://libris.kb.se/dbqssg6x38zr5cn#it$1http://viaf.org/viaf/9842556$4http://rdaregistry.info/Elements/w/object/P10061
=240  14$aThe atrocity exhibition.$lSvenska$1http://viaf.org/viaf/182227002
=245  10$aSkändlighetsutställningen /$cJ G Ballard ; översättning och efterord: K G Johansson ; förord: William S Burroughs.
=264  \1$aSala ;$aStockholm :$bVertigo,$c2007
=264  \3$aFinland
=300  \\$a225 s.
=336  \\$atext$btxt$2rdacontent$0http://rdaregistry.info/termList/RDAContentType/1020
=337  \\$aunmediated$bn$2rdamedia$0http://rdaregistry.info/termList/RDAMediaType/1007
=338  \\$avolume$bnc$2rdacarrier$0http://rdaregistry.info/termList/RDACarrierType/1049
=380  \\$aNovel
=490  1\$aÖverträdelsens klassiker,$x1402-652X ;$v15
=500  \\$5Bo$aAnnan upplaga kan finnas vid biblioteket
=500  \\$5Li$aPliktex.
=500  \\$5Mo$aFörsta svenska upplaga 2007
=500  \\$5Mo$aOrig:s titel: The atrocity exhibition
=500  \\$5Mo$asvenska
=500  \\$aFörsta svenska upplaga 2007
=650  \4$5Mo$aSkönlitteratur
=655  \4$5Mo$aBok
=700  1\$aJohansson, KG,$d1952-$4trl$0https://libris.kb.se/wt79bj7f1zdrlnr#it
=830  \0$aÖverträdelsens klassiker,$x1402-652X ;$v15

