=LDR  00711 am a22002298a 4500
=001  010707377
=003  UK
=005  20160601115100.0
=008  910703s1991\\\\enk\\\\||\\\\\000\j|eng\\
=015  \\$aGB9191482$2bnb
=019  1\$a0586090630
=020  \\$a0586090630 (pbk) :$c£4.99
=040  \\$aBook Data$dUk
=082  04$a823$212A
=100  1\$aBallard, J. G.$d1930-2009$1http://viaf.org/viaf/9842556$4http://rdaregistry.info/Elements/w/object/P10061
=240  10$aWar fever$kSelections$1http://www.wikidata.org/entity/Q7968436
=245  10$aWar fever.
=260  \\$bGrafton Books (HarperCollins),$c1991.
=300  \\$a1 volumes.
=336  \\$atext$2rdacontent$0http://rdaregistry.info/termList/RDAContentType/1020
=337  \\$aunmediated$2rdamedia$0http://rdaregistry.info/termList/RDAMediaType/1007
=338  \\$avolume$2rdacarrier$0http://rdaregistry.info/termList/RDACarrierType/1049
=380  \\$aShort story

