=LDR  00939 am a2200301ua 4500
=001  010077750
=003  UK
=005  20160601115100.0
=008  870225r19861980enk\\\\||\\\\\000\j|eng\\
=015  \\$aGB8613737$2bnb
=019  1\$a0575037717
=019  9\$a0575037717
=019  y\$ab8613737
=020  \\$a0575037717 :$c£8.95
=039  0\$a1928
=040  \\$aUk$cUk
=050  00$aPR6052.A46
=082  04$a823/.914$219
=100  1\$aBallard, J. G.$d1930-2009$1http://viaf.org/viaf/9842556$4http://rdaregistry.info/Elements/w/object/P10061
=240  10$aThe venus hunters$1http://viaf.org/viaf/1189145424650786831387
=245  14$aThe Venus hunters /$cby J.G. Ballard.
=260  \\$aLondon :$bGollancz,$c1986.
=300  \\$a142p. ;$c23cm.
=336  \\$atext$2rdacontent$0http://rdaregistry.info/termList/RDAContentType/1020
=337  \\$aunmediated$2rdamedia$0http://rdaregistry.info/termList/RDAMediaType/1007
=338  \\$avolume$2rdacarrier$0http://rdaregistry.info/termList/RDACarrierType/1049
=380  \\$aShort story
=500  \\$aOriginally published: London : Granada, 1980.
=653  \\$aFiction in English$a1945-$aTexts

