=LDR  00663nam a2200193 a 4500
=001  012223709
=003  UkOxU
=005  19970329183641.0
=008  940822r19951994enk\\\\\\\\\\\000\1\eng\d
=015  \\$aGB 94-67796
=020  \\$a0006548148
=082  \\$a823.914$dF$220
=092  \\$aD0504497234
=100  1\$aBallard, J. G.$d1930-2009$1http://viaf.org/viaf/9842556$4http://rdaregistry.info/Elements/w/object/P10061
=240  10$aRushing to paradise$1http://viaf.org/viaf/1313145424719986830495
=245  10$aRushing to paradise /$cJ.G. Ballard
=260  \\$aLondon :$bFlamingo,$c1995
=300  \\$a238 pages ;$c20 cm
=336  \\$atext$btxt$2rdacontent$0http://rdaregistry.info/termList/RDAContentType/1020
=337  \\$aunmediated$bn$2rdamedia$0http://rdaregistry.info/termList/RDAMediaType/1007
=338  \\$avolume$bnc$2rdacarrier$0http://rdaregistry.info/termList/RDACarrierType/1049
=380  \\$aFiction
=500  \\$aFirst published in different format by Flamingo, 1994

