=LDR  00598nam a2200169 a 4500
=001  015817865
=003  UkOxU
=005  20050311112641.0
=008  050311r20011994enk\\\\\\\\\\\000\1\eng\d
=020  \\$a0006548148
=100  1\$aBallard, J. G.$d1930-2009$1http://viaf.org/viaf/9842556$4http://rdaregistry.info/Elements/w/object/P10061
=240  10$aRushing to paradise$1http://viaf.org/viaf/1313145424719986830495
=245  10$aRushing to paradise /$cJ.G. Ballard.
=260  \\$aLondon :$bFlamingo,$c2001.
=300  \\$a238 pages ;$c20 cm
=336  \\$atext$btxt$2rdacontent$0http://rdaregistry.info/termList/RDAContentType/1020
=337  \\$aunmediated$bn$2rdamedia$0http://rdaregistry.info/termList/RDAMediaType/1007
=338  \\$avolume$bnc$2rdacarrier$0http://rdaregistry.info/termList/RDACarrierType/1049
=380  \\$aFiction
=500  \\$aFirst published: London : Flamingo, 1994.
=830  \0$aModern classic.

