=LDR  00600nam a22002053  4500
=001  000184359
=003  UK
=005  20220128175853.0
=008  871103|1973||||enk\\\\||\\\\\|||\||eng\\
=019  x\$a0173840213
=020  \\$a0224007823
=040  \\$aUk$cUk
=100  1\$aBallard, J. G.$d1930-2009$1http://viaf.org/viaf/9842556$4http://rdaregistry.info/Elements/w/object/P10061
=240  10$aCrash$1http://viaf.org/viaf/305922109
=245  10$aCrash.
=260  \\$aLondon :$bCape,$c1973.
=300  \\$a224 pages ;$c21 cm.
=336  \\$atext$2rdacontent$0http://rdaregistry.info/termList/RDAContentType/1020
=337  \\$aunmediated$2rdamedia$0http://rdaregistry.info/termList/RDAMediaType/1007
=338  \\$avolume$2rdacarrier$0http://rdaregistry.info/termList/RDACarrierType/1049

