=LDR  01065nam a2200301 i 4500
=001  017808221
=003  Uk
=005  20170705161006.0
=008  160419t20161971enk\\\\\\\\\\\000\j\eng\\
=015  \\$aGBB7B6597$2bnb
=016  7\$a017808221$2Uk
=020  \\$a9781784870997$qpaperback
=040  \\$aUk$beng$cUk$erda
=042  \\$aukblsr
=082  04$a823.914$223
=100  1\$aBallard, J. G.$d1930-2009$eauthor.$1http://viaf.org/viaf/9842556$4http://rdaregistry.info/Elements/w/object/P10061
=240  10$aVermilion sands.$kSelections$1http://viaf.org/viaf/307991538
=245  10$aVermilion sands /$cJ.G. Ballard.
=264  \1$aLondon :$bVintage,$c[2016?]
=264  \4$c©1971
=300  \\$a208 pages ;$c18 cm +$e1 sheet of acetate
=336  \\$atext$2rdacontent$0http://rdaregistry.info/termList/RDAContentType/1020
=337  \\$aunmediated$2rdamedia$0http://rdaregistry.info/termList/RDAMediaType/1007
=338  \\$avolume$2rdacarrier$0http://rdaregistry.info/termList/RDACarrierType/1049
=380  \\$aShort story
=500  \\$aIncludes 1 sheet of acetate which animates cover art, attached to inside front cover.
=500  \\$aOriginally published: Great Britain: Jonathan Cape, 1973.
=650  \0$aDystopias$vFiction.

