=LDR  00810 am a22002777a 4500
=001  008718047
=003  UK
=005  20160601115100.0
=008  910822s1991\\\\enk\\\\||\\\\\000\1|eng\\
=015  \\$aGB9116791$2bnb
=019  1\$a0002237717
=019  9\$a0002237717
=019  y\$ab9116791
=020  \\$a0002237717 :$c£13.99
=039  0\$a2153
=040  \\$aUk$cUk
=082  04$a823.914$220
=100  1\$aBallard, J. G.$d1930-2009$1http://viaf.org/viaf/9842556$4http://rdaregistry.info/Elements/w/object/P10061
=240  10$aThe kindness of women$1http://viaf.org/viaf/8009153289944232770002
=245  14$aThe kindness of women.
=260  \\$bHarperCollins,$c1991.
=300  \\$a[288]p.
=336  \\$atext$2rdacontent$0http://rdaregistry.info/termList/RDAContentType/1020
=337  \\$aunmediated$2rdamedia$0http://rdaregistry.info/termList/RDAMediaType/1007
=338  \\$avolume$2rdacarrier$0http://rdaregistry.info/termList/RDACarrierType/1049
=380  \\$aFiction
=653  1\$aEnglish fiction

