=LDR  01271cam a2200301 a 4500
=001  015744765
=003  UkOxU
=005  20131204095120.0
=008  040513r20041994enk\\\\\\\\\\\000\0deng\d
=015  \\$aGB A4-X2361
=020  \\$a0099458209 (pbk.)
=020  \\$a9780099458203 (pbk.)
=040  \\$aBDS$dUkOxU
=082  0\$a615.32$222
=100  1\$aHuxley, Aldous,$d1894-1963.$1http://viaf.org/viaf/71392434$4http://rdaregistry.info/Elements/w/object/P10061
=245  14$aThe doors of perception ; and, Heaven and hell /$cAldous Huxley ; with a foreword by J.G. Ballard ; and a biographical introduction by David Bradshaw.
=260  \\$aLondon :$bVintage,$c2004.
=300  \\$axviii, 123 pages ;$c20 cm.
=336  \\$atext$btxt$2rdacontent$0http://rdaregistry.info/termList/RDAContentType/1020
=337  \\$aunmediated$bn$2rdamedia$0http://rdaregistry.info/termList/RDAMediaType/1007
=338  \\$avolume$bnc$2rdacarrier$0http://rdaregistry.info/termList/RDACarrierType/1049
=490  1\$aVintage classics
=500  \\$aOriginally published: London: Flamingo, 1994.
=650  \0$aMescaline.
=650  \0$aPeyote.
=650  \0$aVisions.
=700  1\$aBallard, J.G.$d1930-2009$0(NO-TrBIB)90199005$1http://viaf.org/viaf/9842556$4aui
=700  1\$aBradshaw, David$0(NO-TrBIB)90907071$1http://viaf.org/viaf/71482503$4aui
=700  \2$tHeaven and hell$aHuxley, Aldous$d1894-1963$1http://viaf.org/viaf/177772835
=700  \2$tThe doors of perception$aHuxley, Aldous$d1894-1963$1http://viaf.org/viaf/309284854
=830  \0$aVintage classics (London, England)

