=LDR  00664cam a2200205 a 4500
=001  016113801
=003  UkOxU
=005  20070702081432.0
=008  060222s2006\\\\enk\\\\\\\\\\\000\1\eng\\
=015  \\$aGBA640092$2bnb
=020  \\$a0007232462 (hbk.)
=020  \\$a9780007232468 (hbk.)
=040  \\$aStDuBDS
=050  00$aPR6052.A46$bK55 2006
=082  04$a823.914$222
=100  1\$aBallard, J. G.$d1930-2009$1http://viaf.org/viaf/9842556$4http://rdaregistry.info/Elements/w/object/P10061
=240  10$aKingdom Come$1http://viaf.org/viaf/3952163159958701640003
=245  10$aKingdom come /$cJ.G. Ballard.
=260  \\$aLondon :$bFourth Estate,$c2006.
=300  \\$a280 pages ;$c24 cm.
=336  \\$atext$btxt$2rdacontent$0http://rdaregistry.info/termList/RDAContentType/1020
=337  \\$aunmediated$bn$2rdamedia$0http://rdaregistry.info/termList/RDAMediaType/1007
=338  \\$avolume$bnc$2rdacarrier$0http://rdaregistry.info/termList/RDACarrierType/1049
=380  \\$aFiction

