=LDR  01222cam a22003257a 4500
=001  12200025
=003  SE-LIBR
=005  20160109084154.0
=008  110531r20102009enk\\\\\\\\\\\000\f\eng\\
=015  \\$aGBA9C4744$2bnb
=016  7\$a015447763$2Uk
=020  \\$a978-0-00-734190-0 (pbk.)
=040  \\$aUKM$cUKM$dYDXCP$dD
=082  04$a813.54$222
=100  1\$aBurroughs, William S.,$d1914-1997.$0179750$1http://viaf.org/viaf/108916275$4http://rdaregistry.info/Elements/w/object/P10061
=240  1\$aNaked lunch$1http://viaf.org/viaf/178436556
=245  10$aNaked lunch :$bthe restored text /$cWilliam Burroughs ; edited by James Grauerholz and Barry Miles ; with an introduction by J. G. Ballard
=250  \\$a50th anniversary ed.
=260  \\$aLondon :$bFourth Estate,$c2010
=300  \\$a289, 20 pages;$c20 cm
=336  \\$atext$btxt$2rdacontent$0http://rdaregistry.info/termList/RDAContentType/1020
=337  \\$aunmediated$bn$2rdamedia$0http://rdaregistry.info/termList/RDAMediaType/1007
=338  \\$avolume$bnc$2rdacarrier$0http://rdaregistry.info/termList/RDACarrierType/1049
=380  \\$aNovel
=500  \\$aThis ed. originally published: 2009.
=650  \0$aBlack humor
=650  \0$aDrug abuse$vFiction.
=650  \7$aNarkotikamissbruk$vskönlitteratur$2sao
=653  \\$5D$aSkönlitteratur: amerikansk: romaner och noveller
=655  \0$aBlack humor.
=655  \7$aSvart humor$2sao
=700  1\$aGrauerholz, James$1http://viaf.org/viaf/195632924$4http://rdaregistry.info/Elements/e/object/P20327
=700  1\$aMiles, Barry$1http://viaf.org/viaf/109756036$4http://rdaregistry.info/Elements/e/object/P20327
=700  1\$aBallard, J.G.$d1930-2009$1http://viaf.org/viaf/9842556$4aui$4http://rdaregistry.info/Elements/m/object/P30328

