=LDR  00825 am a22002777a 4500
=001  010662111
=003  UK
=005  20160601115100.0
=008  940411r19941982enk\\\\||\\\\\000\1|eng\\
=015  \\$aGB9428812$2bnb
=019  1\$a0099334712
=019  9\$a0099334712
=019  y\$ab9428812
=020  \\$a0099334712 (pbk) :$c£5.99
=039  0\$a2285
=040  \\$aUk$cUk
=082  04$a823.914$220
=100  1\$aBallard, J. G.$d1930-2009$1http://viaf.org/viaf/9842556$4http://rdaregistry.info/Elements/w/object/P10061
=240  10$aMyths of the near future$1http://viaf.org/viaf/311468611
=245  10$aMyths of the near future.
=260  \\$aLondon :$bVintage,$c1994.
=300  \\$a205p.
=336  \\$atext$2rdacontent$0http://rdaregistry.info/termList/RDAContentType/1020
=337  \\$aunmediated$2rdamedia$0http://rdaregistry.info/termList/RDAMediaType/1007
=338  \\$avolume$2rdacarrier$0http://rdaregistry.info/termList/RDACarrierType/1049
=380  \\$aFiction
=653  1\$aEnglish fiction$aShort stories

