=LDR  01445cam a2200385 a 4500
=001  7438044
=003  SE-LIBR
=005  20190612172737.0
=008  011211s1989\\\\sw\|||||||||||000\f|swe|\
=020  \\$a9158212655$qINB.$c140:00
=040  \\$aNB$ea
=041  1\$aswe$heng
=042  \\$9NB$9SEE
=082  04$a823$222 (machine generated)
=084  \\$5G$aHcee.01$2kssb/6
=084  \\$5Mde$aHce.01$2kssb/6
=084  \\$5NB$aHce$2kssb
=084  \\$5SEE$aHcee.01$2kssb/6
=084  \\$aHe.01=c$2kssb/6
=100  1\$aBallard, J. G.$d1930-2009$0https://libris.kb.se/dbqssg6x38zr5cn#it$1http://viaf.org/viaf/9842556$4http://rdaregistry.info/Elements/w/object/P10061
=240  10$aRunning Wild$1http://viaf.org/viaf/481153289950332770009
=245  00$aPangbournemassakern /$cJ.G. Ballard ; översättning av Hans-Jacob Nilsson ; [omslag och illustrationer: Janet Wooley].
=249  \0$aRunning wild.
=264  \1$aStockholm :$bLegenda,$c1989
=264  \3$aStockholm :$bBonnier
=300  \\$a92, [1] s.$billustrations$c22 cm
=336  \\$atext$btxt$2rdacontent$0http://rdaregistry.info/termList/RDAContentType/1020
=337  \\$aunmediated$bn$2rdamedia$0http://rdaregistry.info/termList/RDAMediaType/1007
=338  \\$avolume$bnc$2rdacarrier$0http://rdaregistry.info/termList/RDACarrierType/1049
=340  \\$b22 cm
=380  \\$aNovel
=490  1\$aLegenda novella,$x99-0681833-6
=500  \\$5Um$aSkönlitteratur. Annan uppl. kan finnas vid biblioteket
=500  \\$aFörsta svenska uppl. 1989
=653  \\$5Mde$aRelationer mellan föräldrar och barn
=653  \\$5Mde$aRoman
=700  1\$aNilsson, Hans-Jacob,$d1949-$4trl$0https://libris.kb.se/53hlqmjp5grtqrd#it$1http://viaf.org/viaf/237688467
=700  1\$aWooley, Janet$4ill
=830  \0$aLegenda novella,$x99-0681833-6

