=LDR  01726aam a22004571a 4500
=001  018901957
=003  Uk
=005  20180611022903.0
=006  m\\\\||\\d\|\\\\\\
=007  cr\|||||||||||
=008  120628s2014\\\\xna\\\\\o\\\\\000\1\eng\\
=015  \\$aGBB8B0929$2bnb
=020  \\$a0007374895$q(electronic bk.)
=020  \\$a9780007374892$q(electronic bk.)
=037  \\$auk.co.harpercollins.052493$bIngram Content Group
=040  \\$aNz$beng$cNZAUC$dOCLCO$dTEFOD$dTEF$dOCLCF$dTEFOD$dOCLCQ$dUk
=042  \\$aukblsr
=050  \4$aPZ4.B1893PR6052.A46
=072  \7$aFIC$x028000$2bisacsh
=072  \7$aFIC$x035000$2bisacsh
=072  \7$aFL$2bicssc
=082  04$a823.914$221
=100  1\$aBallard, J. G.$1http://viaf.org/viaf/9842556$4http://rdaregistry.info/Elements/w/object/P10061
=240  10$aThe crystal world$1http://viaf.org/viaf/307967896
=245  14$aThe crystal world /$cJ.G. Ballard.
=260  \\$a[Sydney] :$bFourth Estate,$c2014.
=300  \\$a1 online resource.
=336  \\$atext$2rdacontent$0http://rdaregistry.info/termList/RDAContentType/1020
=337  \\$acomputer$2rdamedia$0http://rdaregistry.info/termList/RDAMediaType/1003
=338  \\$aonline resource$2rdacarrier$0http://rdaregistry.info/termList/RDACarrierType/1018
=336  \\$atekst$0http://rdaregistry.info/termList/RDAContentType/1020
=337  \\$adatamaskin$0http://rdaregistry.info/termList/RDAMediaType/1003
=338  \\$aonline ressurs$0http://rdaregistry.info/termList/RDACarrierType/1018
=347  \\$adata file$2rda
=380  \\$aSpråkbasert verk$1https://schema.nb.no/Bibliographic/Values/V1000
=500  \\$aFiction.
=650  \0$aEnglish fiction.
=650  \7$aEnglish fiction.$2fast$0(OCoLC)fst00910817
=650  \7$aFICTION / Medical$2bisacsh
=650  \7$aFICTION / Science Fiction / General$2bisacsh
=650  \7$aFiction and related items / Science fiction$2bicssc
=655  \4$aElectronic books.

