=LDR  01052pam a2200313 a 4500
=001  014632893
=003  Uk
=005  20091027152842.0
=008  080417r20081981enk\\\\\\\\\\\000\1\eng\d
=015  \\$aGBA872851$2bnb
=016  7\$a014632893$2Uk
=020  \\$a0007287038 (pbk.) :$c£7.99
=020  \\$a9780007287031 (pbk.) :$c£7.99
=040  \\$aStDuBDS$beng$cStDuBDS$dUk
=042  \\$aukblcatcopy
=082  04$a823.914$222
=100  1\$aBallard, J. G.$d1930-2009$1http://viaf.org/viaf/9842556$4http://rdaregistry.info/Elements/w/object/P10061
=240  10$aHello America$1http://viaf.org/viaf/202977755
=245  10$aHello America /$cby J.G. Ballard.
=260  \\$aLondon :$bHarper Perennial,$c2008.
=300  \\$a224, 25 pages, ;$c20 cm.
=336  \\$atext$2rdacontent$0http://rdaregistry.info/termList/RDAContentType/1020
=337  \\$aunmediated$2rdamedia$0http://rdaregistry.info/termList/RDAMediaType/1007
=338  \\$avolume$2rdacarrier$0http://rdaregistry.info/termList/RDACarrierType/1049
=380  \\$aFiction
=500  \\$aFormerly CIP.$5Uk
=500  \\$aOriginally published: London: Cape, 1981.
=651  \0$aAmerica$xCivilization$vFiction.
=651  \0$aAmerica$xSocial conditions$vFiction.
=655  \7$aDystopias.$2gsafd

