=LDR  03588cam a2200265 a 4500
=001  017103567
=003  UkOxU
=005  20111020123015.0
=008  090511s2009\\\\nyuc\\\\\\\\\\000\j\eng\\
=010  \\$a2009018456
=020  \\$a0393072622 (hbk.)
=020  \\$a9780393072624 (hbk.)
=040  \\$aDLC$cDLC$dBTCTA$dXII$dWIM$dORX$dC#P$dYDXCP$dBWX
=043  \\$ae-uk---
=050  00$aPR6052.A46$bA6 2009
=082  00$a823/.914$222
=100  1\$aBallard, J. G.$d1930-2009$1http://viaf.org/viaf/9842556$4http://rdaregistry.info/Elements/w/object/P10061
=245  14$aThe complete stories of J.G. Ballard /$c[J.G. Ballard ; introduction by Martin Amis].
=250  \\$a1st American ed.
=260  \\$aNew York ;$aLondon :$bW.W. Norton,$c2009.
=300  \\$axv, 1199 pages :$bportrait ;$c25 cm.
=336  \\$atext$btxt$2rdacontent$0http://rdaregistry.info/termList/RDAContentType/1020
=337  \\$aunmediated$bn$2rdamedia$0http://rdaregistry.info/termList/RDAMediaType/1007
=338  \\$avolume$bnc$2rdacarrier$0http://rdaregistry.info/termList/RDACarrierType/1049
=380  \\$aShort story
=500  \\$aPrevious ed. published in Great Britain as: The complete short stories. London : Flamingo, 2001.
=505  00$tIntroduction /$rby Martin Amis --$gAuthor's introduction --$tPrima belladonna --$tEscapement --$tThe concentration city --$tVenus smiles --$tManhole 69 --$tTrack 12 --$tThe waiting grounds --$tNow : zero --$tThe sound-sweep --$tZone of terror --$tChronopolis --$tThe voices of time --$tThe last world of Mr. Goddard --$tStudio 5, the stars --$tDeep end --$tThe overloaded man --$tMr. F is Mr. F --$tBillennium --$tThe gentle assassin --$tThe insane ones --$tThe garden of time --$tThe thousand dreams of Stellavista --$tThirteen to Centaurus --$tPassport to eternity --$tThe cage of sand --$tThe watch-towers --$tThe singing statues --$tThe man on the 99th floor --$tThe subliminal man --$tThe reptile enclosure --$tA question of re-entry --$tThe time-tombs --$tNow wakes the sea --$tThe Venus hunters --$tEnd-game --$tMinus one --$tThe sudden afternoon --$tThe screen game --$tTime of passage --$tPrisoner of the coral deep --$tThe lost Leonardo --$tThe terminal beach --$tThe illuminated man --$tThe delta at sunset --$tThe drowned giant --$tThe Gioconda of the twilight noon --$tThe volcano dances --$tThe beach murders --$tThe day of forever --$tThe impossible man --$tStorm-bird, storm-dreamer --$tTomorrow is a million years --$tThe assassination of John Fitzgerald Kennedy considered as a downhill motor race --$tCry hope, cry fury! --$tThe recognition --$tThe cloud-sculptors of Coral D --$tWhy I want to fuck Ronald Reagan --$tThe dead astronaut --$tThe Comsat angels --$tThe killing ground --$tA place and a time to die --$tSay goodbye to the wind --$tThe greatest television show on earth --$tMy dream of flying to Wake Island --$tThe air disaster --$tLow-flying aircraft --$tThe life and death of God --$tNotes towards a mental breakdown --$tThe 60 minute zoom --$tThe smile --$tThe ultimate city --$tThe dead time --$tThe index --$tThe intensive care unit --$tTheatre of war --$tHaving a wonderful time --$tOne afternoon at Utah Beach --$tZodiac 2000 --$tMotel architecture --$tA host of furious fancies --$tNews from the sun --$tMemories of the space age --$tMyths of the near future --$tReport on an unidentified space station --$tThe object of the attack --$tAnswers to a quesionnaire --$tThe man who walked on the moon --$tThe secret history of World War 3 --$tLove in a colder climate --$tThe enormous space --$tThe largest theme park in the world --$tWar fever --$tDream cargoes --$tA guide to virtual death --$tThe message from Mars --$tReport from an obscure planet --$tNew stories for the American edition --$tThe secret autobiography of J.G.B. --$tThe dying fall.
=651  \0$aGreat Britain$xSocial life and customs$y20th century$vFiction.
=700  0\$aMartin Amis$4aui
=700  \1$aBallard, J. G.$d1930-2009$4aui$1http://viaf.org/viaf/9842556
=700  \2$aBallard, J. G.$d1930-2009$tPrima belladonna
=700  \2$aBallard, J. G.$d1930-2009$tEscapement
=700  \2$aBallard, J. G.$d1930-2009$tThe concentration city
=700  \2$aBallard, J. G.$d1930-2009$tVenus smiles
=700  \2$aBallard, J. G.$d1930-2009$tManhole 69
=700  \2$aBallard, J. G.$d1930-2009$tTrack 12
=700  \2$aBallard, J. G.$d1930-2009$tThe waiting grounds
=700  \2$aBallard, J. G.$d1930-2009$tNow : zero
=700  \2$aBallard, J. G.$d1930-2009$tThe sound-sweep
=700  \2$aBallard, J. G.$d1930-2009$tZone of terror
=700  \2$aBallard, J. G.$d1930-2009$tChronopolis
=700  \2$aBallard, J. G.$d1930-2009$tThe voices of time
=700  \2$aBallard, J. G.$d1930-2009$tThe last world of Mr. Goddard
=700  \2$aBallard, J. G.$d1930-2009$tStudio 5, the stars
=700  \2$aBallard, J. G.$d1930-2009$tDeep end
=700  \2$aBallard, J. G.$d1930-2009$tThe overloaded man
=700  \2$aBallard, J. G.$d1930-2009$tMr. F is Mr. F
=700  \2$aBallard, J. G.$d1930-2009$tBillennium
=700  \2$aBallard, J. G.$d1930-2009$tThe gentle assassin
=700  \2$aBallard, J. G.$d1930-2009$tThe insane ones
=700  \2$aBallard, J. G.$d1930-2009$tThe garden of time
=700  \2$aBallard, J. G.$d1930-2009$tThe thousand dreams of Stellavista
=700  \2$aBallard, J. G.$d1930-2009$tThirteen to Centaurus
=700  \2$aBallard, J. G.$d1930-2009$tPassport to eternity
=700  \2$aBallard, J. G.$d1930-2009$tThe cage of sand
=700  \2$aBallard, J. G.$d1930-2009$tThe watch-towers
=700  \2$aBallard, J. G.$d1930-2009$tThe singing statues
=700  \2$aBallard, J. G.$d1930-2009$tThe man on the 99th floor
=700  \2$aBallard, J. G.$d1930-2009$tThe subliminal man
=700  \2$aBallard, J. G.$d1930-2009$tThe reptile enclosure
=700  \2$aBallard, J. G.$d1930-2009$tA question of re-entry
=700  \2$aBallard, J. G.$d1930-2009$tThe time-tombs
=700  \2$aBallard, J. G.$d1930-2009$tNow wakes the sea
=700  \2$aBallard, J. G.$d1930-2009$tThe Venus hunters
=700  \2$aBallard, J. G.$d1930-2009$tEnd-game
=700  \2$aBallard, J. G.$d1930-2009$tMinus one
=700  \2$aBallard, J. G.$d1930-2009$tThe sudden afternoon
=700  \2$aBallard, J. G.$d1930-2009$tThe screen game
=700  \2$aBallard, J. G.$d1930-2009$tTime of passage
=700  \2$aBallard, J. G.$d1930-2009$tPrisoner of the coral deep
=700  \2$aBallard, J. G.$d1930-2009$tThe lost Leonardo
=700  \2$aBallard, J. G.$d1930-2009$tThe terminal beach
=700  \2$aBallard, J. G.$d1930-2009$tThe illuminated man
=700  \2$aBallard, J. G.$d1930-2009$tThe delta at sunset
=700  \2$aBallard, J. G.$d1930-2009$tThe drowned giant
=700  \2$aBallard, J. G.$d1930-2009$tThe Gioconda of the twilight noon
=700  \2$aBallard, J. G.$d1930-2009$tThe volcano dances
=700  \2$aBallard, J. G.$d1930-2009$tThe beach murders
=700  \2$aBallard, J. G.$d1930-2009$tThe day of forever
=700  \2$aBallard, J. G.$d1930-2009$tThe impossible man
=700  \2$aBallard, J. G.$d1930-2009$tStorm-bird, storm-dreamer
=700  \2$aBallard, J. G.$d1930-2009$tTomorrow is a million years
=700  \2$aBallard, J. G.$d1930-2009$tThe assassination of John Fitzgerald Kennedy considered as a downhill motor race
=700  \2$aBallard, J. G.$d1930-2009$tCry hope, cry fury!
=700  \2$aBallard, J. G.$d1930-2009$tThe recognition
=700  \2$aBallard, J. G.$d1930-2009$tThe cloud-sculptors of Coral D
=700  \2$aBallard, J. G.$d1930-2009$tWhy I want to fuck Ronald Reagan
=700  \2$aBallard, J. G.$d1930-2009$tThe dead astronaut
=700  \2$aBallard, J. G.$d1930-2009$tThe Comsat angels
=700  \2$aBallard, J. G.$d1930-2009$tThe killing ground
=700  \2$aBallard, J. G.$d1930-2009$tA place and a time to die
=700  \2$aBallard, J. G.$d1930-2009$tSay goodbye to the wind
=700  \2$aBallard, J. G.$d1930-2009$tThe greatest television show on earth
=700  \2$aBallard, J. G.$d1930-2009$tMy dream of flying to Wake Island
=700  \2$aBallard, J. G.$d1930-2009$tThe air disaster
=700  \2$aBallard, J. G.$d1930-2009$tLow-flying aircraft
=700  \2$aBallard, J. G.$d1930-2009$tThe life and death of God
=700  \2$aBallard, J. G.$d1930-2009$tNotes towards a mental breakdown
=700  \2$aBallard, J. G.$d1930-2009$tThe 60 minute zoom
=700  \2$aBallard, J. G.$d1930-2009$tThe smile
=700  \2$aBallard, J. G.$d1930-2009$tThe ultimate city
=700  \2$aBallard, J. G.$d1930-2009$tThe dead time
=700  \2$aBallard, J. G.$d1930-2009$tThe index
=700  \2$aBallard, J. G.$d1930-2009$tThe intensive care unit
=700  \2$aBallard, J. G.$d1930-2009$tTheatre of war
=700  \2$aBallard, J. G.$d1930-2009$tHaving a wonderful time
=700  \2$aBallard, J. G.$d1930-2009$tOne afternoon at Utah Beach
=700  \2$aBallard, J. G.$d1930-2009$tZodiac 2000
=700  \2$aBallard, J. G.$d1930-2009$tMotel architecture
=700  \2$aBallard, J. G.$d1930-2009$tA host of furious fancies
=700  \2$aBallard, J. G.$d1930-2009$tNews from the sun
=700  \2$aBallard, J. G.$d1930-2009$tMemories of the space age
=700  \2$aBallard, J. G.$d1930-2009$tMyths of the near future
=700  \2$aBallard, J. G.$d1930-2009$tReport on an unidentified space station
=700  \2$aBallard, J. G.$d1930-2009$tThe object of the attack
=700  \2$aBallard, J. G.$d1930-2009$tAnswers to a quesionnaire
=700  \2$aBallard, J. G.$d1930-2009$tThe man who walked on the moon
=700  \2$aBallard, J. G.$d1930-2009$tThe secret history of World War 3
=700  \2$aBallard, J. G.$d1930-2009$tLove in a colder climate
=700  \2$aBallard, J. G.$d1930-2009$tThe enormous space
=700  \2$aBallard, J. G.$d1930-2009$tThe largest theme park in the world
=700  \2$aBallard, J. G.$d1930-2009$tWar fever
=700  \2$aBallard, J. G.$d1930-2009$tDream cargoes
=700  \2$aBallard, J. G.$d1930-2009$tA guide to virtual death
=700  \2$aBallard, J. G.$d1930-2009$tThe message from Mars
=700  \2$aBallard, J. G.$d1930-2009$tReport from an obscure planet
=700  \2$aBallard, J. G.$d1930-2009$tNew stories for the American edition
=700  \2$aBallard, J. G.$d1930-2009$tThe secret autobiography of J.G.B.
=700  \2$aBallard, J. G.$d1930-2009$tThe dying fall

