=LDR  00908 am a2200277ui 4500
=001  007362054
=003  UK
=005  20160601115100.0
=008  770107s1976\\\\enk\\\\\|\\\\\000\j\eng\\
=015  \\$aGB7701841$2bnb
=019  1\$a0224013114
=019  9\$a0224013114
=019  y\$aB7701841
=020  \\$a0224013114 :$c£3.50
=040  \\$aUk$cUk
=082  04$a823/.9/1$218
=100  1\$aBallard, J. G.$d1930-2009$1http://viaf.org/viaf/9842556$4http://rdaregistry.info/Elements/w/object/P10061
=240  10$aLow-flying aircraft, and other stories$1http://www.wikidata.org/entity/Q6692707
=245  10$aLow-flying aircraft, and other stories /$cJ.G. Ballard.
=260  \\$aLondon :$bCape,$c1976.
=300  \\$a191p. ;$c21cm.
=336  \\$atext$2rdacontent$0http://rdaregistry.info/termList/RDAContentType/1020
=337  \\$aunmediated$2rdamedia$0http://rdaregistry.info/termList/RDAMediaType/1007
=338  \\$avolume$2rdacarrier$0http://rdaregistry.info/termList/RDACarrierType/1049
=380  \\$aShort story
=650  \0$aScience fiction, English.
=653  \\$aShort stories in English$a1900-$aTexts

