=LDR  01150pam a2200337 a 4500
=001  014632894
=003  Uk
=005  20090221133204.0
=008  080417r20081974enk\\\\\\\\\\\000\1\eng\d
=015  \\$aGBA872852$2bnb
=016  7\$a014632894$2Uk
=020  \\$a0007287046 (pbk.) :$c£7.99
=020  \\$a9780007287048 (pbk.) :$c£7.99
=040  \\$aStDuBDS$beng$cStDuBDS$dUk
=042  \\$aukblsr
=082  04$a823.914$222
=100  1\$aBallard, J. G.$d1930-2009$1http://viaf.org/viaf/9842556$4http://rdaregistry.info/Elements/w/object/P10061
=240  10$aConcrete Island$1http://viaf.org/viaf/174604532
=240  10$aConcrete Island$1http://viaf.org/viaf/174604532
=245  10$aConcrete Island /$cJ.G. Ballard.
=260  \\$aLondon :$bHarper Perennial,$c2008.
=300  \\$a176, 28 pages ;$c20 cm.
=336  \\$atext$2rdacontent$0http://rdaregistry.info/termList/RDAContentType/1020
=337  \\$aunmediated$2rdamedia$0http://rdaregistry.info/termList/RDAMediaType/1007
=338  \\$avolume$2rdacarrier$0http://rdaregistry.info/termList/RDACarrierType/1049
=380  \\$aFiction
=500  \\$aFormerly CIP.$5Uk
=500  \\$aOriginally published: London: Cape, 1974.
=650  \0$aArchitects$vFiction.
=650  \0$aSurvival skills$vFiction.
=650  \0$aTraffic accident victims$vFiction.
=650  \0$aTraffic accidents$vFiction.

