=LDR  00595cam a2200169 a 4500
=001  017187166
=003  UkOxU
=005  20100324151245.0
=008  961105r20061996enk\\\\\\\\\\\000\1\eng\d
=020  \\$a0006550649 (pbk.)
=020  \\$a9780006550648 (pbk.)
=100  1\$aBallard, J. G.$d1930-2009$1http://viaf.org/viaf/9842556$4http://rdaregistry.info/Elements/w/object/P10061
=240  10$aCocaine nights$1http://viaf.org/viaf/7815148574285124430000
=245  10$aCocaine nights /$cJ.G. Ballard.
=260  \\$aLondon :$bHarper Perennial,$c2006.
=300  \\$a328 pages ;$c20 cm.
=336  \\$atext$btxt$2rdacontent$0http://rdaregistry.info/termList/RDAContentType/1020
=337  \\$aunmediated$bn$2rdamedia$0http://rdaregistry.info/termList/RDAMediaType/1007
=338  \\$avolume$bnc$2rdacarrier$0http://rdaregistry.info/termList/RDACarrierType/1049
=380  \\$aFiction
=500  \\$aOriginally published: 1996.

