=LDR  00623nam a2200193 a 4500
=001  011608072
=003  UkOxU
=005  19960606183132.0
=008  940919r19941984enkb\\\\\\\\\\000\1\eng\d
=015  \\$aGB 94-76503
=020  \\$a0006547001
=082  \\$a823.914$dF$220
=092  \\$aD0503171013
=100  1\$aBallard, J. G.$d1930-2009$1http://viaf.org/viaf/9842556$4http://rdaregistry.info/Elements/w/object/P10061
=240  10$aEmpire of the sun$1http://viaf.org/viaf/180997771
=245  10$aEmpire of the sun
=260  \\$aLondon :$bFlamingo,$c1994
=300  \\$a351 p
=336  \\$atext$btxt$2rdacontent$0http://rdaregistry.info/termList/RDAContentType/1020
=337  \\$aunmediated$bn$2rdamedia$0http://rdaregistry.info/termList/RDAMediaType/1007
=338  \\$avolume$bnc$2rdacarrier$0http://rdaregistry.info/termList/RDACarrierType/1049
=380  \\$aFiction
=500  \\$aFirst published in Great Britain by Victor Gollancz 1984

