=LDR  00981 am a2200313ua 4500
=001  010706231
=003  UK
=005  20160601115100.0
=008  860106r19851984enkc\\\||\\\\\000\1|eng\\
=015  \\$aGB8644335$2bnb
=019  1\$a0586064303
=019  9\$a0586064303
=019  y\$ab8644335
=020  \\$a0586064303 (pbk)
=020  \\$c£2.50
=039  0\$a1873
=040  \\$aUk$cUk
=082  04$a823/.914$219
=100  1\$aBallard, J. G.$d1930-2009$1http://viaf.org/viaf/9842556$4http://rdaregistry.info/Elements/w/object/P10061
=240  10$aEmpire of the sun$1http://viaf.org/viaf/180997771
=245  10$aEmpire of the sun /$cJ.G. Ballard.
=260  \\$aLondon :$bPanther,$cc1984.
=300  \\$a351p. :$b1map ;$c18cm.
=336  \\$atext$2rdacontent$0http://rdaregistry.info/termList/RDAContentType/1020
=337  \\$aunmediated$2rdamedia$0http://rdaregistry.info/termList/RDAMediaType/1007
=338  \\$avolume$2rdacarrier$0http://rdaregistry.info/termList/RDACarrierType/1049
=380  \\$aFiction
=500  \\$aOriginally published: London : Gollancz, 1984.
=653  \\$aFiction in English$a1945-$aTexts
=866  \0$z[A re-issue]-Grafton Books: London, 1988

