=LDR  01729cgm a2200373 c 4500
=001  990522477404702201
=003  BIBSYS
=005  20160519155646.0
=007  vd\|v||||
=008  150206s2005\\\\xx#|||||||||||####v|eng|d
=040  \\$aNO-TrBIB$bnob$ekatreg
=130  10$aEmpire of the sun$1http://viaf.org/viaf/293611582
=245  00$aEmpire of the sun$cdirected by Steven Spielberg$h[videoopptak]
=260  \\$a[S.l.]$bWarner Brothers Entertainment Norge$cc2005
=300  \\$a2 plater (DVD-video) (147 min)$blyd, kol.
=336  \\$atodimensjonalt levende bilde$2rdacontent$0http://rdaregistry.info/termList/RDAContentType/1023
=337  \\$avideo$2rdamedia$0http://rdaregistry.info/termList/RDAMediaType/1008
=338  \\$avideplate$2rdacarrier$0http://rdaregistry.info/termList/RDACarrierType/1060
=344  \\$adigital$2rda
=345  \\$avideodisc
=346  \\$aDVD
=347  \\$avideo file$bDVD$2rda
=380  \\$afilmverk$0https://schema.nb.no/Bibliographic/Values/V1002
=500  \\$aEkstramateriale: Dokumentaren "The China odyssey", trailer
=500  \\$aFilmen bygger på en roman av J.G. Ballard.
=500  \\$aKodet for region 2
=500  \\$aMedietilsynet : 63126
=500  \\$aNorsk tittel: Solens rike
=500  \\$aNorske undertekster valgbare
=500  \\$aProduksjon: USA : Warner Bros, 1987
=500  \\$aRolleliste: John Malkovich, Miranda Richardson, Nigel Havers.
=653  \\$aamerikanske$aspillefilmer$akrigsfilmer$ajapansk$aokkupasjon$abarn
=700  1\$aMalkovich, John$d1953-$0(NO-TrBIB)98013480$4act$4act$1http://viaf.org/viaf/85398839
=700  1\$aRichardson, Miranda$d1958-$0(NO-TrBIB)98013479$4act$4act$1http://viaf.org/viaf/7587211
=700  1\$aSpielberg, Steven$d1946-$0(NO-TrBIB)90116975$4drt$4drt$4pro$1http://viaf.org/viaf/111553324
=740  0\$aSolens rike
=740  0\$aThe China odyssey
=758  \\$aEmpire of the sun$1http://viaf.org/viaf/180997771$4http://rdaregistry.info/Elements/w/object/P10129

