=LDR  01093cjm a2200277 c 4500
=001  990611140224702201
=003  BIBSYS
=005  20171108160820.0
=007  sd\f||||||||||
=008  150206s1987\\\\xx#||||\||||||||||||und|d
=028  03$a25668-2
=040  \\$aNO-TrBIB$bnob$ekatreg
=100  1\$aWilliams, John$d1932-$0(NO-TrBIB)5056598$1http://www.wikidata.org/entity/Q131285$4http://rdaregistry.info/Elements/w/object/P10055
=240  \\$aEmpire of the sun$1http://www.wikidata.org/entity/Q3724830
=245  10$aEmpire of the sun$cJohn Williams$h[lydopptak]
=260  \\$a[S.l.]$bWarner Brothers$c1987
=300  \\$a1 plate (CD)
=336  \\$aperformed music$bprm$2rdacontent$0http://rdaregistry.info/termList/RDAContentType/1011
=337  \\$aaudio$bs$2rdamedia$0http://rdaregistry.info/termList/RDAMediaType/1001
=338  \\$aaudio disc$bsd$2rdacarrier$0http://rdaregistry.info/termList/RDACarrierType/1004
=344  \\$adigital$c1.4 m. per second$2rda
=347  \\$aaudio file$bCD audio$2rda
=380  \\$aFilmmusikk$2emnmus
=500  \\$aFilmen bygger på en roman av J.G. Ballard.
=500  \\$aNorsk tittel: Solens rike
=500  \\$aRolleliste: John Malkovich, Miranda Richardson, Nigel Havers.
=500  \\$aWarner 25668-2
=700  1\$aSpielberg, Steven$d1946-$0(NO-TrBIB)90116975$4drt$4drt$4pro$1http://viaf.org/viaf/111553324
=730  1\$aEmpire of the sun$1http://viaf.org/viaf/293611582$4http://rdaregistry.info/Elements/w/object/P10245
=740  0\$aSolens rike
=740  0\$aThe China odyssey

