=LDR  00748cja a2200193 c 4500
=001  990611140574702201
=003  BIBSYS
=005  20190130101006.0
=007  sd\f||||||||||
=008  060711s1987\\\\xx#||||\||||||||||||und|d
=040  \\$aNO-TrBIB$bnob$ekatreg
=130  \\$aSuo Gan$1http://www.wikidata.org/entity/Q3724830/suagan
=100  0\$aThe Ambrosian junior choir$0(NO-TrBIB)6054376$1http://viaf.org/viaf/235160483869704992748$4prf
=245  10$aSuo Gan$h[lydopptak]
=260  \\$c1987
=336  \\$aperformed music$bprm$2rdacontent$0http://rdaregistry.info/termList/RDAContentType/1011
=337  \\$aaudio$bs$2rdamedia$0http://rdaregistry.info/termList/RDAMediaType/1001
=338  \\$aaudio disc$bsd$2rdacarrier$0http://rdaregistry.info/termList/RDACarrierType/1004
=344  \\$adigital$c1.4 m. per second$2rda
=347  \\$aaudio file$bCD audio$2rda
=380  \\$aFilmmusikk$2emnmus
=730  1\$aEmpire of the sun$1http://viaf.org/viaf/293611582$4http://rdaregistry.info/Elements/w/object/P10245
=773  0\$aWilliams, John$tEmpire of the sun$d[S.l.] : Warner Bros., 1987$w990611140224702201

