=LDR  00809caa a2200181 c 4500
=001  990900892194702201
=003  BIBSYS
=005  20190130102739.0
=007  co||||||||||||
=008  150206s2008\\\\xx#|||||#####|000|u|eng|d
=040  \\$aNO-TrBIB$bnob$ekatreg
=100  1\$aBallard, J.G.$d1930-2009$0(NO-TrBIB)90199005$1http://viaf.org/viaf/9842556$4http://rdaregistry.info/Elements/w/object/P10059
=245  10$aThe living novelist$cJ.G. Ballard ; interviewer: George MacBeth$h[elektronisk ressurs]
=260  \\$c2008
=300  \\$a6 min., 50 sek. (extract)
=336  \\$atext$btxt$2rdacontent$0http://rdaregistry.info/termList/RDAContentType/1020
=337  \\$acomputer$bc$2rdamedia$0http://rdaregistry.info/termList/RDAMediaType/1003
=338  \\$aother$bcz$2rdacarrier$0http://rdaregistry.info/termList/RDACarrierType/1018
=347  \\$adata file$2rda
=500  \\$aDate of broadcast: 09.06.1973
=700  1\$aMacBeth, George$0(NO-TrBIB)90119481$1http://viaf.org/viaf/79030479$4http://rdaregistry.info/Elements/w/object/P10057
=773  0\$tThe Spoken Word$dThe British Library Board, 2008$z9780712305419$w990826539764702201

