=LDR  02263cgm a2200457 c 4500
=001  991138304244702201
=003  BIBSYS
=005  20160519160326.0
=007  vd\|v||||
=008  150206s2011\\\\xx#|||||||||||####v|mul|d
=040  \\$aNO-TrBIB$bnob$ekatreg
=041  \\$aeng$aspa$ager
=130  10$aEmpire of the sun$1http://viaf.org/viaf/293611582
=245  00$aEmpire of the sun =$bSolens rike$cproduced by Steven Spielberg, Kathleen Kennedy, Frank Marshall ; screenplay by Tom Stoppard ; directed by Steven Spielberg$h[videoopptak]
=246  31$aSolens rike
=260  \\$a[S.l.]$bWarner Brothers Entertainment Norge$ccop. 2011
=300  \\$a1 plate (DVD-video) (146 min)$blyd, kol.
=336  \\$atodimensjonalt levende bilde$2rdacontent$0http://rdaregistry.info/termList/RDAContentType/1023
=337  \\$avideo$2rdamedia$0http://rdaregistry.info/termList/RDAMediaType/1008
=338  \\$avideplate$2rdacarrier$0http://rdaregistry.info/termList/RDACarrierType/1060
=344  \\$adigital$2rda
=345  \\$avideodisc
=346  \\$aDVD
=347  \\$avideo file$bDVD$2rda
=380  \\$afilmverk$0https://schema.nb.no/Bibliographic/Values/V1002
=500  \\$aAldersgrense: 15 år
=500  \\$aBygger på: Empire of the sun / J.G. Ballard
=500  \\$aDrama
=500  \\$aEkstramateriale: Dokumentaren "The China Odyssey", trailer
=500  \\$aEngelsk, tysk og spansk tale; norske undertekster valgbare
=500  \\$aMedietilsynet : 63126
=500  \\$aProduksjon: USA : Warner Bros., 1987
=500  \\$aRolleliste: John Malkovich, Miranda Richardson, Nigel Havers, Christian Bale
=500  \\$aWarner Home Video (Norge) : 73737
=653  \\$aamerikanske$aspillefilmer$akrigsfilmer$ajapansk$aokkupasjon$abarn
=700  1\$aBale, Christian$d1974-$0(NO-TrBIB)1024813$4act$1http://viaf.org/viaf/116979537
=700  1\$aHavers, Nigel$d1949-$0(NO-TrBIB)99002707$4act$4act$1http://viaf.org/viaf/56811607
=700  1\$aKennedy, Kathleen$0(NO-TrBIB)2067120$4pro$4pro$1http://viaf.org/viaf/305233626
=700  1\$aMalkovich, John$d1953-$0(NO-TrBIB)98013480$4act$4act$1http://viaf.org/viaf/85398839
=700  1\$aMarshall, Frank$d1946-$0(NO-TrBIB)3017275$4pro$4pro$1http://viaf.org/viaf/79417930
=700  1\$aRichardson, Miranda$d1958-$0(NO-TrBIB)98013479$4act$4act$1http://viaf.org/viaf/7587211
=700  1\$aSpielberg, Steven$d1946-$0(NO-TrBIB)90116975$4pro$4drt$4drt$4pro$1http://viaf.org/viaf/111553324
=700  1\$aStoppard, Tom$d1937-$0(NO-TrBIB)90055286$4aus$4aus$1http://viaf.org/viaf/101362857
=740  0\$aThe China Odyssey
=758  \\$aEmpire of the sun$1http://viaf.org/viaf/180997771$4http://rdaregistry.info/Elements/w/object/P10129

