=LDR  00900cam a22002291c 4500
=001  999007474804702201
=003  BIBSYS
=005  20150206120624.0
=007  ta
=008  150206s1978\\\\xx#|||||||||||000|u|eng|\
=040  \\$aNO-OsNB$bnob$ekatreg
=100  1\$aBallard, J.G.$d1930-2009$0(NO-TrBIB)90199005$1http://viaf.org/viaf/9842556$4http://rdaregistry.info/Elements/w/object/P10061
=240  10$aThe drownd world$1http://viaf.org/viaf/309277534
=245  14$aThe drowned world$cJames Graham Ballard
=250  \\$a6th impr.
=260  \\$aLondon$c1978
=300  \\$a175 s.
=336  \\$atekst$0http://rdaregistry.info/termList/RDAContentType/1020
=337  \\$auformidlet$0http://rdaregistry.info/termList/RDAMediaType/1007
=338  \\$abind$0http://rdaregistry.info/termList/RDACarrierType/1049
=380  \\$aSpråkbasert verk$1https://schema.nb.no/Bibliographic/Values/V1000
=500  \\$aFørst utkommet 1963

