=LDR  00832cam a22002057c 4500
=001  999301170424702201
=003  BIBSYS
=005  20150206120624.0
=007  ta
=008  150206s1966\\\\xx#|||||||||||000|u|eng|d
=040  \\$aNO-TrBIB$bnob$ekatreg
=100  1\$aBallard, J.G.$d1930-2009$0(NO-TrBIB)90199005$1http://viaf.org/viaf/9842556$4http://rdaregistry.info/Elements/w/object/P10061
=240  10$aThe crystal world$1http://viaf.org/viaf/307967896
=245  14$aThe crystal world
=260  \\$aLondon$bJonathan Cape$c1966
=300  \\$a221 s.
=336  \\$atekst$0http://rdaregistry.info/termList/RDAContentType/1020
=337  \\$auformidlet$0http://rdaregistry.info/termList/RDAMediaType/1007
=338  \\$abind$0http://rdaregistry.info/termList/RDACarrierType/1049
=380  \\$aSpråkbasert verk$1https://schema.nb.no/Bibliographic/Values/V1000

