=LDR  01323nam a22003012a 4500
=001  013682259
=003  Uk
=005  20070227091053.0
=006  m\\\\|\\\d\|\\\\\\
=007  cr||||||||||||
=008  070227s2006\\\\enk\\\\\sm\\\\000\0\eng\\
=040  \\$aUk$beng$cUk
=082  04$a823.914$222
=100  1\$aFrancis, Samuel William$1http://www.wikidata.org/entity/Q58453392$4http://rdaregistry.info/Elements/w/object/P10061
=240  \\$aA critical reading of "inner space" in selected works of J. G. Ballard$1http://www.wikidata.org/entity/Q58458528
=245  12$aA critical reading of "inner space" in selected works of J. G. Ballard /$cBy Samuel William Francis.$h[electronic resource].
=260  \\$aLeeds :$bUniversity of Leeds,$c2006.
=300  \\$a1 volumes ;$c31 cm.
=336  \\$atext$2rdacontent$0http://rdaregistry.info/termList/RDAContentType/1020
=337  \\$acomputer$2rdamedia$0http://rdaregistry.info/termList/RDAMediaType/1003
=338  \\$aonline resource$2rdacarrier$0http://rdaregistry.info/termList/RDACarrierType/1018
=336  \\$atekst$0http://rdaregistry.info/termList/RDAContentType/1020
=337  \\$adatamaskin$0http://rdaregistry.info/termList/RDAMediaType/1003
=338  \\$aonline ressurs$0http://rdaregistry.info/termList/RDACarrierType/1018
=347  \\$adata file$2rda
=380  \\$aSpråkbasert verk$1https://schema.nb.no/Bibliographic/Values/V1000
=502  \\$aThesis (Ph.D.)--University of Leeds, 2006
=538  \\$aMode of access: World Wide Web.
=710  2\$aUniversity of Leeds.

