=LDR  00701 am a2200241uu 4500
=001  009937949
=003  UK
=005  20181221190800.0
=008  020122s1967\\\\xxk\\\\||\\\\\000\1|eng\\
=015  \\$aGB6717647$2bnb
=019  1\$adef400714
=019  9\$ab6717647
=019  y\$aB6717647
=040  \\$aUk$cUk
=082  04$a823.91$218
=100  1\$aBallard, J. G.$d1930-2009$1http://viaf.org/viaf/9842556$4http://rdaregistry.info/Elements/w/object/P10061
=240  10$aThe day of forever$1http://viaf.org/viaf/307992426
=245  14$aThe day of forever.
=264  \1$bPanther,$c1967.
=300  \\$a141 pages ;$c18 cm
=336  \\$atext$2rdacontent$0http://rdaregistry.info/termList/RDAContentType/1020
=337  \\$aunmediated$2rdamedia$0http://rdaregistry.info/termList/RDAMediaType/1007
=338  \\$avolume$2rdacarrier$0http://rdaregistry.info/termList/RDACarrierType/1049
=380  \\$aFiction

