=LDR  00788 am a2200265uu 4500
=001  009937948
=003  UK
=005  20181221190800.0
=008  020122s1968\\\\xxk\\\\||\\\\\000\1|eng\\
=015  \\$aGB6811373$2bnb
=019  1\$adef400713
=019  9\$ab6811373
=019  y\$aB6811373
=040  \\$aUk$cUk
=082  04$a823.91$218
=100  1\$aBallard, J. G.$d1930-2009$1http://viaf.org/viaf/9842556$4http://rdaregistry.info/Elements/w/object/P10061
=240  10$aThe drought$1http://viaf.org/viaf/308000706
=245  14$aThe drought.
=264  \1$bPenguin,$c1968.
=300  \\$a176 pages ;$c18 cm.
=336  \\$atext$2rdacontent$0http://rdaregistry.info/termList/RDAContentType/1020
=337  \\$aunmediated$2rdamedia$0http://rdaregistry.info/termList/RDAMediaType/1007
=338  \\$avolume$2rdacarrier$0http://rdaregistry.info/termList/RDACarrierType/1049
=380  \\$aFiction
=490  0\$aPenguin science fiction
=500  \\$aOriginally published (B65-9466), Cape 1965.

