=LDR  00567nam a22001813  4500
=001  004120252
=003  UK
=005  20160601115100.0
=008  030326s1970\\\\enk\\\\||\\\\\000\1|eng\\
=019  x\$a5000111958
=040  \\$aUK$cUk
=100  1\$aBallard, J. G.$d1930-2009$1http://viaf.org/viaf/9842556$4http://rdaregistry.info/Elements/w/object/P10061
=240  10$aThe crystal world$1http://viaf.org/viaf/307967896
=245  14$aThe crystal world.
=260  \\$aLondon :$bPanther,$c1970.
=336  \\$atext$2rdacontent$0http://rdaregistry.info/termList/RDAContentType/1020
=337  \\$aunmediated$2rdamedia$0http://rdaregistry.info/termList/RDAMediaType/1007
=338  \\$avolume$2rdacarrier$0http://rdaregistry.info/termList/RDACarrierType/1049
=380  \\$aFiction

