=LDR  00671nam a22002053  4500
=001  000184373
=003  UK
=005  20160601115100.0
=008  871103|1967||||enk\\\\||\\\\\|||\||eng\\
=019  x\$a0173840353
=040  \\$aUk$cUk
=100  1\$aBallard, J. G.$d1930-2009$1http://viaf.org/viaf/9842556$4http://rdaregistry.info/Elements/w/object/P10061
=240  10$aThe wind from nowhere$1http://viaf.org/viaf/3869162301514520270000
=245  14$aThe wind from nowhere.
=260  \\$aHarmondsworth :$bPenguin,$c1967.
=300  \\$a186 pages ;$c18 cm.
=336  \\$atext$2rdacontent$0http://rdaregistry.info/termList/RDAContentType/1020
=337  \\$aunmediated$2rdamedia$0http://rdaregistry.info/termList/RDAMediaType/1007
=338  \\$avolume$2rdacarrier$0http://rdaregistry.info/termList/RDACarrierType/1049
=490  0\$a(Penguin Science fiction.)

