=LDR  00654nam a22001933  4500
=001  000184372
=003  UK
=005  20160601115100.0
=008  871103|1975|||||||\\\\||\\\\\|||\||eng\\
=019  x\$a0173840345
=040  \\$aUk$cUk
=100  1\$aBallard, J. G.$d1930-2009$1http://viaf.org/viaf/9842556$4http://rdaregistry.info/Elements/w/object/P10061
=240  10$aThe Four-Dimensional Nightmare$1http://viaf.org/viaf/307977932
=245  14$aThe voices of time.
=336  \\$atext$2rdacontent$0http://rdaregistry.info/termList/RDAContentType/1020
=337  \\$aunmediated$2rdamedia$0http://rdaregistry.info/termList/RDAMediaType/1007
=338  \\$avolume$2rdacarrier$0http://rdaregistry.info/termList/RDACarrierType/1049
=490  0\$a(Corgi SF collector's library.)
=580  \\$aIn: The inner landscape. pp. 77-124. 1975.: 18 cm.

