=LDR  00665nam a22002053  4500
=001  000184369
=003  UK
=005  20200424185629.0
=008  871103|1966||||enk\\\\||\\\\\|||\||eng\\
=019  x\$a0173840310
=040  \\$aUk$cUk
=100  1\$aBallard, J. G.$d1930-2009$1http://viaf.org/viaf/9842556$4http://rdaregistry.info/Elements/w/object/P10061
=240  10$aTerminal Beach$1http://www.wikidata.org/entity/Q7768486
=245  14$aThe Terminal beach.
=264  \1$aHarmondsworth :$bPenguin Books,$c1966.
=300  \\$a223 pages ;$c(8º)
=336  \\$atext$2rdacontent$0http://rdaregistry.info/termList/RDAContentType/1020
=337  \\$aunmediated$2rdamedia$0http://rdaregistry.info/termList/RDAMediaType/1007
=338  \\$avolume$2rdacarrier$0http://rdaregistry.info/termList/RDACarrierType/1049
=490  0\$a[Penguin books. no. 2499.]

