=LDR  00650nam a22002053  4500
=001  000184367
=003  UK
=005  20200424185629.0
=008  871103|1967||||enk\\\\||\\\\\|||\||eng\\
=019  x\$a0173840299
=040  \\$aUk$cUk
=100  1\$aBallard, J. G.$d1930-2009$1http://viaf.org/viaf/9842556$4http://rdaregistry.info/Elements/w/object/P10061
=240  10$aThe overloaded man$1http://viaf.org/viaf/311471561
=245  14$aThe Overloaded man.
=264  \1$aLondon :$bPanther Books,$c1967.
=300  \\$a158 pages ;$c(8º)
=336  \\$atext$2rdacontent$0http://rdaregistry.info/termList/RDAContentType/1020
=337  \\$aunmediated$2rdamedia$0http://rdaregistry.info/termList/RDAMediaType/1007
=338  \\$avolume$2rdacarrier$0http://rdaregistry.info/termList/RDACarrierType/1049
=500  \\$aPanther book. no. 2336.

