=LDR  00675nam a22002053  4500
=001  000184363
=003  UK
=005  20200424185629.0
=008  871103|1962||||enk\\\\||\\\\\|||\||eng\\
=019  x\$a0173840256
=040  \\$aUk$cUk
=100  1\$aBallard, J. G.$d1930-2009$1http://viaf.org/viaf/9842556$4http://rdaregistry.info/Elements/w/object/P10061
=240  10$aThe Drowned World$1http://viaf.org/viaf/309277534
=240  10$aThe drownd world$1http://viaf.org/viaf/309277534
=245  14$aThe Drowned World.
=264  \1$aLondon :$bVictor Gollancz,$c1962.
=300  \\$a175 pages ;$c(8º)
=336  \\$atext$2rdacontent$0http://rdaregistry.info/termList/RDAContentType/1020
=337  \\$aunmediated$2rdamedia$0http://rdaregistry.info/termList/RDAMediaType/1007
=338  \\$avolume$2rdacarrier$0http://rdaregistry.info/termList/RDACarrierType/1049

