=LDR  00596nam a22001933  4500
=001  000184362
=003  UK
=005  20200424185629.0
=008  871103|1965||||enk\\\\||\\\\\|||\||eng\\
=019  x\$a0173840248
=040  \\$aUk$cUk
=100  1\$aBallard, J. G.$d1930-2009$1http://viaf.org/viaf/9842556$4http://rdaregistry.info/Elements/w/object/P10061
=240  10$aThe drought$1http://viaf.org/viaf/308000706
=245  14$aThe Drought.
=264  \1$aLondon :$bJonathan Cape,$c1965.
=300  \\$a252 pages ;$c(8º)
=336  \\$atext$2rdacontent$0http://rdaregistry.info/termList/RDAContentType/1020
=337  \\$aunmediated$2rdamedia$0http://rdaregistry.info/termList/RDAMediaType/1007
=338  \\$avolume$2rdacarrier$0http://rdaregistry.info/termList/RDACarrierType/1049

