=LDR  00534nam a22001693  4500
=001  000184356
=003  UK
=005  20220128175853.0
=008  871103|1974|||||||\\\\||\\\\\|||\||eng\\
=019  x\$a0173840183
=040  \\$aUk$cUk
=100  1\$aBallard, J. G.$d1930-2009$1http://viaf.org/viaf/9842556$4http://rdaregistry.info/Elements/w/object/P10061
=245  10$a[Later editions of novels by J. G. Ballard, not catalogued separately.]
=260  \\$c1974-
=336  \\$atext$2rdacontent$0http://rdaregistry.info/termList/RDAContentType/1020
=337  \\$aunmediated$2rdamedia$0http://rdaregistry.info/termList/RDAMediaType/1007
=338  \\$avolume$2rdacarrier$0http://rdaregistry.info/termList/RDACarrierType/1049

