=LDR  04386ngm a2200673 c 4500
=001  a6934047
=003  SpMaBN
=005  20211028091103.5
=007  vd*csaizk
=008  210901s2021\\\\sp\601\e\\\\\\\\\\vlspa\\
=015  \\$aVD21
=017  \\$aB 3124-2021$bOficina Depósito Legal Barcelona
=024  3\$a8436535549844
=028  40$aAC0984$bA Contracorriente Films
=040  \\$aSpMaBN$bspa$cSpMaBN$erda
=041  1\$aspa$aeng$jspa$heng
=130  10$aCrash$1http://www.wikidata.org/entity/Q188000
=245  10$aCrash$cuna película de David Cronenberg ; música, Howard Shore ; director de fotografía, Peter Suschitzky ; escrita por David Cronenberg ; producida y dirigida por David Cronenberg
=250  \\$aEdición 25 aniversario
=264  \1$a[Barcelona]$bA Contracorriente Films,$c[2021]
=264  \2$a[Barcelona]$bA Contracorriente Films,$c[2021]
=264  \4$c©2021
=300  \\$a2 videodiscos (aproximadamente 200 min)$bsonido, color$c12 cm$e1 Blu-ray (aproximadamente 401 min) + 1 folleto (54 páginas) + 1 funda
=336  \\$aImagen bidimensional en movimiento$2rdacontent$0http://rdaregistry.info/termList/RDAContentType/1023
=337  \\$avídeo$2rdamedia$0http://rdaregistry.info/termList/RDAMediaType/1008
=338  \\$avideodisco$bvd$2rdacarrier$0http://rdaregistry.info/termList/RDACarrierType/1060
=336  \\$atodimensjonalt levende bilde$2rdacontent$0http://rdaregistry.info/termList/RDAContentType/1023
=337  \\$avideo$2rdamedia$0http://rdaregistry.info/termList/RDAMediaType/1008
=338  \\$avideplate$2rdacarrier$0http://rdaregistry.info/termList/RDACarrierType/1060
=346  \\$aBlu-ray
=380  \\$afilmverk$0https://schema.nb.no/Bibliographic/Values/V1002
=340  \\$gcolor
=344  \\$adigital$bóptico$hDTS-HD Master Audio 5.1$hDTS-HD Master Audio 2.0
=345  \\$c1.66:1$c16:9
=347  \\$aarchivo de vídeo$b4K Ultra HD Blu-ray$d2160p ultra alta definición$bBlu-ray$d1080p alta definición$ezona B
=500  \\$aFolleto con comentarios de la película por Desirée de Fez, Ángel Sala, Jordi Sánchez-Navarro y Xavi Sánchez Pons
=500  \\$aIncluye Blu-ray de extras
=500  \\$aIncluye extras
=500  \\$aLargometraje coproducido por Canadá y Reino Unido en 1996
=500  \\$aRestaurada en 4K
=505  0\$aBlu-ray 1. Película en ultra alta definición; Presentación de David Cronenberg ; Tráiler 25 aniversario ; Diseccionando "Crash" : coloquio con Desirée de Fez (crítica de cine) y Ángel Sala (director del Festival de Sitges) -- Blu-ray 2. Película en alta definición ; Presentación de David Cronenberg ; anuncio de televisión ; Tráilers ; Detrás de las cámaras ; Entrevistas ; Revisando "Crash" ; Entrevistas a Jeremy Thomas, Peter Suschitzky, Howard Shore y Deirdre Bowen -- Blu-ray 3. Coloquio con David Cronenberg y J.G. Ballard (1996) ; TIFF Talks: David Cronenberg y Viggo Mortensen (2019) ; Marea Nocturna: especial David Cronenberg ; 3 cortometrajes
=508  \\$aPresentadores, Jeremy Thomas, Robert Lantos ; una producción de Alliance Communications
=511  1\$aJames Spader, Holly Hunter, Elias Koteas
=520  3\$aUna noche, James Ballard estrella su coche contra el de Helen y ambos son ingresados en un hospital. Lo sorprendente es que inmediatamente después del choque los dos experimentaron una extraña atracción mutua. A partir de entonces, la vida de James se precipitará hacia un mundo oscuro y prohibido, dominado por el peligro, el sexo y la muerte
=521  1\$aNo recomendada para menores de 18 años
=546  \\$aVersiones en español e inglés, con subtítulos en español
=586  \\$aEntre otros: Premio Especial del Jurado en el Festival de Cannes (1996); 6 Premios en los Genie Awards (1996)
=655  \7$aCine de suspense$2tgfbne
=655  \7$aCine erótico$2tgfbne
=655  \7$aDramas cinematográficos$2tgfbne
=700  1\$aCronenberg, David$d1943-$edirector de cine$eproductor$eguionista$4fmd$4pro$4aus$1http://viaf.org/viaf/97752099
=700  1\$aHunter, Holly$d1958-$eactor$4act$1http://viaf.org/viaf/34649834
=700  1\$aKoteas, Elias$d1961-$eactor$4act$1http://viaf.org/viaf/44498574
=700  1\$aShore, Howard$d1946-$ecompositor$4cmp$1http://viaf.org/viaf/19869016
=700  1\$aSpader, James$d1960-$eactor$4act$4act$1http://viaf.org/viaf/85111802
=700  1\$aSuschitzky, Peter$d1941-$edirector de fotografía$4cng$1http://viaf.org/viaf/69124815
=700  1\$iBasada en (obra):$aBallard, J. G.$d1930-2009$tCrash$1http://viaf.org/viaf/305922109$4http://rdaregistry.info/Elements/w/object/P10129
=711  2\$aFestival International du Film$n49º$d1996$cCannes
=711  2\$aGenie Awards$n17º$d1996$cToronto
=730  02$aCrash (Película cinematográfica : 1996)$lEspañol

