=LDR  02353ngm a2200457   4500
=001  a5223298
=003  SpMaBN
=005  20180119192503.6
=007  vd*cvaizs
=008  120618s2012\\\\sp\104\e\\\\\\\\\1vlmul\\
=015  \\$aVD12
=017  \\$aB 6955-2012$bOficina Depósito Legal Barcelona
=028  40$aD3128$bVértice
=040  \\$aSpMaBN$bspa$cSpMaBN$erdc
=041  1\$aspa$aeng$bspa$heng
=130  10$aCrash$1http://www.wikidata.org/entity/Q188000
=245  10$aCrash$cescrita y dirigida por David Cronenberg ; productores ejecutivos, Robert Lantos y Jeremy Thomas ; música, Howard Shore ; fotografía, Peter Suschitzky
=260  \\$aBarcelona$bVértice Cine$cD.L. 2012
=300  \\$a1 DVD-Vídeo (circa 104 min)$bson., color.
=336  \\$aImagen (en movimiento ; bidimensional)$2isbdcontent$0http://rdaregistry.info/termList/RDAContentType/1023
=337  \\$avídeo$2isbdmedia$0http://rdaregistry.info/termList/RDAMediaType/1008
=336  \\$atodimensjonalt levende bilde$2rdacontent$0http://rdaregistry.info/termList/RDAContentType/1023
=337  \\$avideo$2rdamedia$0http://rdaregistry.info/termList/RDAMediaType/1008
=338  \\$avideplate$2rdacarrier$0http://rdaregistry.info/termList/RDACarrierType/1060
=344  \\$adigital$bvideo$gstereo$2rda
=345  \\$avideodisc
=346  \\$aDVD
=347  \\$avideo file$bDVD$2rda
=380  \\$afilmverk$0https://schema.nb.no/Bibliographic/Values/V1002
=500  \\$aBasada en una novela J.G. Ballard
=511  1\$aJames Spader, Holly Hunter, Elias Koteas
=518  \\$aLargometraje realizado en 1996, coproducido por Canadá y Reino Unido
=520  3\$aUna noche, James Ballard estrella su coche contra el de Helen y ambos son ingresados en un hospital. Lo sorprendente es que inmediatamente después del choque los dos experimentaron una extraña atracción mutua. A partir de entonces, la vida de James se precipitará hacia un mundo oscuro y prohibido, dominado por el peligro, el sexo y la muerte
=521  \\$aNo recomendada a menores de 18 años
=546  \\$aVersiones en español e inglés, con subtítulos opcionales en español
=655  \7$aDramas cinematográficos$2tgfbne
=700  1\$aCronenberg, David$d1943-$4fmd$4pro$4aus$1http://viaf.org/viaf/97752099
=700  1\$aHunter, Holly$d1958-$4act$1http://viaf.org/viaf/34649834
=700  1\$aKoteas, Elias$d1961-$4act$1http://viaf.org/viaf/44498574
=700  1\$aLantos, Robert$d1949-$4pro$1http://viaf.org/viaf/304130472
=700  1\$aShore, Howard$d1946-$4cmp$1http://viaf.org/viaf/19869016
=700  1\$aSpader, James$d1960-$4act$1http://viaf.org/viaf/85111802
=700  1\$aSuschitzky, Peter$d1941-$4cng$1http://viaf.org/viaf/69124815
=700  1\$aThomas, Jeremy$d1949-$4pro$1http://viaf.org/viaf/304130472
=700  1\$aBallard, J. G.$d1930-2009$tCrash$1http://viaf.org/viaf/305922109$4http://rdaregistry.info/Elements/w/object/P10129

