=LDR  02371ngm a22004931  4500
=001  a5295544
=003  SpMaBN
=005  20210929031132.4
=007  vf*cbahos
=008  121213s1989\\\\sp\147\g\\\\\\\\\1\\spa\\
=017  \\$aM 5168-1989$bOficina Depósito Legal Madrid
=028  40$aPHV 11753$bWarner Home Video
=040  \\$aReconversión$bspa$cA2$dSpMaBN
=041  1\$aspa$heng
=130  10$aEmpire of the sun$1http://viaf.org/viaf/293611582
=245  13$aEl Imperio del Sol =$bEmpire of the sun$cdirigida por Steven Spielberg ; director de fotografía, Allen Daviau ; música de John Williams ; guión de Tom Stoppard ; producida por Steven Spielberg, Kathleen Kennedy, Frank Marshall
=260  \\$a[Madrid]$bdistribuida en España por Warner Home Video Española$cD.L. 1989
=300  \\$a1 videocasete (VHS) (circa 147 min)$bson., color.
=336  \\$aImagen (en movimiento ; bidimensional)$2isbdcontent$0http://rdaregistry.info/termList/RDAContentType/1023
=337  \\$avídeo$2isbdmedia$0http://rdaregistry.info/termList/RDAMediaType/1008
=336  \\$atodimensjonalt levende bilde$2rdacontent$0http://rdaregistry.info/termList/RDAContentType/1023
=337  \\$avideo$2rdamedia$0http://rdaregistry.info/termList/RDAMediaType/1008
=338  \\$avideplate$2rdacarrier$0http://rdaregistry.info/termList/RDACarrierType/1060
=344  \\$adigital$bvideo$gstereo$2rda
=345  \\$avideocassette
=346  \\$aVHS
=380  \\$afilmverk$0https://schema.nb.no/Bibliographic/Values/V1002
=500  \\$aBasada en la novela de J.G. Ballard
=511  1\$aJohn Malkovich, Miranda Richardson, Nigel Havers
=518  \\$aRealizada en 1987 en Estados Unidos
=520  3\$aJim es un niño inglés de familia acomodada que se pierde de sus padres cuando las tropas japonesas entran en Shanghai. Pocos días después es capturado y enviado a un campo de concentración donde vivirá casi cuatro años
=521  \\$aTodos lo públicos
=546  \\$aDoblada en español
=655  \7$aCine bélico$2tgfbne
=655  \7$aCine histórico$2tgfbne
=655  \7$aDramas cinematográficos$2tgfbne
=758  \\$aEmpire of the sun$1http://viaf.org/viaf/180997771$4http://rdaregistry.info/Elements/w/object/P10129
=700  1\$aDaviau, Allen$d1942-2020$4cng$1http://viaf.org/viaf/17428858
=700  1\$aHavers, Nigel$d1949-$4act$1http://viaf.org/viaf/56811607
=700  1\$aKennedy, Kathleen$d1953-$4pro$1http://viaf.org/viaf/305233626
=700  1\$aMalkovich, John$d1953-$4act$1http://viaf.org/viaf/85398839
=700  1\$aMarshall, Frank$d1946-$4pro$1http://viaf.org/viaf/79417930
=700  1\$aRichardson, Miranda$d1958-$4act$1http://viaf.org/viaf/7587211
=700  1\$aSpielberg, Steven$d1946-$4drt$4pro$1http://viaf.org/viaf/111553324
=700  1\$aStoppard, Tom$d1937-$4aus$1http://viaf.org/viaf/101362857
=700  1\$aWilliams, John$d1932-$4cmp$1http://www.wikidata.org/entity/Q131285
=776  0\$tEl imperio del Sol$hGrabación sonora$wbiso0000772518

