=LDR  00781nam a22001931  4500
=001  bimo0000762758
=003  SpMaBN
=005  20201231005254.5
=008  900725s1974\\\\fr\\\\\\\\\\\\\\\\\\fre\\
=016  7\$abimoBNE19972461058$zIND9100214473$2SpMaBN
=040  \\$aSpMaBN$bspa$cA2
=080  \\$a75 Dalí, Salvador(084)
=100  1\$aDalí, Salvador$d1904-1989$0XX895429$1http://viaf.org/viaf/64004109$4http://rdaregistry.info/Elements/w/object/P10058
=240  \\$aDalí$1http://viaf.org/viaf/316306426
=245  10$aDalí$h[Texto impreso]$cAvec une introduction de J.G. Ballard... conçu et présenté par David Larkin
=260  \\$a[Paris]$bChêne$c[1974]
=300  \\$a7 h., 40 lám. color$c30 cm
=336  \\$atext$btxt$2rdacontent$0http://rdaregistry.info/termList/RDAContentType/1020
=337  \\$aunmediated$bn$2rdamedia$0http://rdaregistry.info/termList/RDAMediaType/1007
=338  \\$avolume$bnc$2rdacarrier$0http://rdaregistry.info/termList/RDACarrierType/1049
=700  1\$aBallard, J. G.$d1930-2009$4aui$1http://viaf.org/viaf/9842556
=700  1\$aLarkin, David$$1http://viaf.org/viaf/277669549$4edt

