=LDR  00623cam a22001812i 4500
=001  011691248
=003  UkOxU
=005  19960816194246.0
=008  500101t19741963enk\\\\\\\\\\\000\1\eng\d
=040  \\$aIQU$cIQU$dEQO
=090  \\$aPR6052.A46$bF6
=092  \\$aD0503362798
=100  1\$aBallard, J. G.$d1930-2009$1http://viaf.org/viaf/9842556$4http://rdaregistry.info/Elements/w/object/P10061
=240  10$aThe four-dimensional nightmare$1http://viaf.org/viaf/183430784
=245  14$aThe four-dimensional nightmare /$cby J. G. Ballard
=260  \\$aLondon :$bV. Gollancz,$c1974, c1963
=300  \\$a197 pages ;$c21 cm
=336  \\$atext$btxt$2rdacontent$0http://rdaregistry.info/termList/RDAContentType/1020
=337  \\$aunmediated$bn$2rdamedia$0http://rdaregistry.info/termList/RDAMediaType/1007
=338  \\$avolume$bnc$2rdacarrier$0http://rdaregistry.info/termList/RDACarrierType/1049
=380  \\$aFiction
=500  \\$aScience fiction

