=LDR  00637cam a22001932a 4500
=001  011691252
=003  UkOxU
=005  19960816194247.0
=008  500101s1964\\\\enk\\\\\\\\\\\000\1\eng\d
=010  \\$aGB64-12914
=040  \\$aIUL$cIUL$dUKM$dEQO
=082  \\$a823.91$218
=090  \\$aPR6052.A46$bT31
=092  \\$aD0503362807
=100  1\$aBallard, J. G.$d1930-2009$1http://viaf.org/viaf/9842556$4http://rdaregistry.info/Elements/w/object/P10061
=240  10$aThe terminal beach$1http://www.wikidata.org/entity/Q7768486
=245  14$aThe terminal beach /$cby J.G. Ballard
=260  \\$aLondon :$bVictor Gollancz,$c1964
=300  \\$a220, [1] pages ;$c18 cm
=336  \\$atext$btxt$2rdacontent$0http://rdaregistry.info/termList/RDAContentType/1020
=337  \\$aunmediated$bn$2rdamedia$0http://rdaregistry.info/termList/RDAMediaType/1007
=338  \\$avolume$bnc$2rdacarrier$0http://rdaregistry.info/termList/RDACarrierType/1049
=380  \\$aFiction

