=LDR  00583cam a22001812a 4500
=001  011691278
=003  UkOxU
=005  19960816194302.0
=008  500101s1966\\\\enk\\\\\\\\\\\000\1\eng\d
=010  \\$aB66-6467
=040  \\$aDLC$cVTU$dSER$dUKM$dEQO
=050  \0$aPZ4.B1893$bCr2
=092  \\$aD0503362868
=100  1\$aBallard, J. G.$d1930-2009$1http://viaf.org/viaf/9842556$4http://rdaregistry.info/Elements/w/object/P10061
=240  10$aThe crystal world$1http://viaf.org/viaf/307967896
=245  14$aThe crystal world /$cby J.G. Ballard
=260  \\$aLondon :$bCape,$c1966
=300  \\$a221 pages$c20 cm
=336  \\$atext$btxt$2rdacontent$0http://rdaregistry.info/termList/RDAContentType/1020
=337  \\$aunmediated$bn$2rdamedia$0http://rdaregistry.info/termList/RDAMediaType/1007
=338  \\$avolume$bnc$2rdacarrier$0http://rdaregistry.info/termList/RDACarrierType/1049
=380  \\$aFiction

