=LDR  00654cam a22002052a 4500
=001  011691284
=003  UkOxU
=005  19960816194303.0
=008  500101s1967\\\\enk\\\\\\\\\\\000\1\eng\d
=010  \\$aB67-20314
=040  \\$aDLC$cDLC$dUKM$dEQO
=050  \0$aPZ4.B1893$bDi
=082  \\$a823.91$218
=092  \\$aD0503362880
=100  1\$aBallard, J. G.$d1930-2009$1http://viaf.org/viaf/9842556$4http://rdaregistry.info/Elements/w/object/P10061
=240  10$aThe disaster area$1http://viaf.org/viaf/307986100
=245  14$aThe Disaster area /$c[by] J. G. Ballard
=260  \\$aLondon :$bCape,$c1967
=300  \\$a206 pages$c19 1/2 cm
=336  \\$atext$btxt$2rdacontent$0http://rdaregistry.info/termList/RDAContentType/1020
=337  \\$aunmediated$bn$2rdamedia$0http://rdaregistry.info/termList/RDAMediaType/1007
=338  \\$avolume$bnc$2rdacarrier$0http://rdaregistry.info/termList/RDACarrierType/1049
=380  \\$aFiction
=650  \0$aScience fiction, English.

