=LDR  01849cam a22003972a 4500
=001  011691312
=003  UkOxU
=005  19960816194307.0
=008  500101s1971\\\\nyu\\\\\\\\\\\000\1\eng\d
=040  \\$aDLC$cDLC$dEQO
=050  \0$aPR6052.A46
=050  \0$aPZ4.B1893$bCh
=082  \\$a823/.9/14
=092  \\$aD0503362948
=100  1\$aBallard, J. G.$d1930-2009$1http://viaf.org/viaf/9842556$4http://rdaregistry.info/Elements/w/object/P10061
=245  10$aChronopolis,$band other stories /$cby J. G. Ballard
=260  \\$aNew York :$bPutnam,$c[1971]
=300  \\$a319 pages$c21 cm
=336  \\$atext$btxt$2rdacontent$0http://rdaregistry.info/termList/RDAContentType/1020
=337  \\$aunmediated$bn$2rdamedia$0http://rdaregistry.info/termList/RDAMediaType/1007
=338  \\$avolume$bnc$2rdacarrier$0http://rdaregistry.info/termList/RDACarrierType/1049
=380  \\$aFiction
=505  0\$aThe voices of time.--The drowned giant.--The terminal beach.--Manhole 69.--Storm-bird, storm-dreamer.--The sound-sweep.--Billenium.--Chronopolis.--Build-up.--The garden of time.--End game.--The watchtowers.--Now wakes the sea.--Zone of terror.--The cage of sand.--Deep end
=700  12$aBallard, J. G.$d1930-2009$tThe voices of time$1http://www.isfdb.org/cgi-bin/title.cgi?40816
=700  12$aBallard, J. G.$d1930-2009$tThe drowned giant$1http://www.isfdb.org/cgi-bin/title.cgi?43949
=700  12$aBallard, J. G.$d1930-2009$tThe terminal beach$1http://www.isfdb.org/cgi-bin/title.cgi?37126
=700  12$aBallard, J. G.$d1930-2009$tManhole 69$1http://www.isfdb.org/cgi-bin/title.cgi?44454
=700  12$aBallard, J. G.$d1930-2009$tStorm-bird, storm-dreamer$1http://www.isfdb.org/cgi-bin/title.cgi?57625
=700  12$aBallard, J. G.$d1930-2009$tThe sound-sweep$1http://www.isfdb.org/cgi-bin/title.cgi?44514
=700  12$aBallard, J. G.$d1930-2009$tBillenium$1http://www.isfdb.org/cgi-bin/title.cgi?65075
=700  12$aBallard, J. G.$d1930-2009$tChronopolis$1http://www.isfdb.org/cgi-bin/title.cgi?41557
=700  12$aBallard, J. G.$d1930-2009$tBuild-up$1http://www.isfdb.org/cgi-bin/title.cgi?44451
=700  12$aBallard, J. G.$d1930-2009$tThe garden of time$1http://www.isfdb.org/cgi-bin/title.cgi?44458
=700  12$aBallard, J. G.$d1930-2009$tEnd game$1http://www.isfdb.org/cgi-bin/title.cgi?57586
=700  12$aBallard, J. G.$d1930-2009$tThe watchtowers$1http://www.isfdb.org/cgi-bin/title.cgi?57635
=700  12$aBallard, J. G.$d1930-2009$tNow wakes the sea$1http://www.isfdb.org/cgi-bin/title.cgi?57610
=700  12$aBallard, J. G.$d1930-2009$tZone of terror$1http://www.isfdb.org/cgi-bin/title.cgi?57637
=700  12$aBallard, J. G.$d1930-2009$tThe cage of sand$1http://www.isfdb.org/cgi-bin/title.cgi?44123
=700  12$aBallard, J. G.$d1930-2009$tDeep end$1http://www.isfdb.org/cgi-bin/title.cgi?44457
=650  \0$aScience fiction, English.

