=LDR  00453cam a22001453a 4500
=001  011710818
=003  UkOxU
=005  19960816194349.0
=008  500101s1984\\\\xx\\\\\\\\\\\\000\1\eng\d
=040  \\$aEQO$cEQO
=092  \\$aD0503410115
=100  1\$aBallard, J. G.$d1930-2009$1http://viaf.org/viaf/9842556$4http://rdaregistry.info/Elements/w/object/P10061
=240  10$aThe disaster area$1http://viaf.org/viaf/307986100
=245  14$aThe Disaster area
=260  \\$aLond,$c1984
=336  \\$atext$btxt$2rdacontent$0http://rdaregistry.info/termList/RDAContentType/1020
=337  \\$aunmediated$bn$2rdamedia$0http://rdaregistry.info/termList/RDAMediaType/1007
=338  \\$avolume$bnc$2rdacarrier$0http://rdaregistry.info/termList/RDACarrierType/1049
=380  \\$aFiction

