=LDR  00634cam a2200157 a 4500
=001  015815272
=003  UkOxU
=005  20050304163555.0
=008  050304s1985\\\\enk\\\\\\\\\\\000\1\eng\c
=100  1\$aBallard, J. G.$d1930-2009$1http://viaf.org/viaf/9842556$4http://rdaregistry.info/Elements/w/object/P10061
=240  10$aEmpire of the sun$1http://viaf.org/viaf/180997771
=245  10$aEmpire of the sun /$cJ.G. Ballard.
=260  \\$aLondon :$bGuild ;$bBook Club Associates by arrangement with Victor Gollancz,$c1985.
=300  \\$a278 pages ;$c24 cm.
=336  \\$atext$btxt$2rdacontent$0http://rdaregistry.info/termList/RDAContentType/1020
=337  \\$aunmediated$bn$2rdamedia$0http://rdaregistry.info/termList/RDAMediaType/1007
=338  \\$avolume$bnc$2rdacarrier$0http://rdaregistry.info/termList/RDACarrierType/1049
=380  \\$aFiction
=650  \0$aBoys$zChina$zShanghai$vFiction.
=650  \0$aWorld War, 1939-1945$zChina$zShanghai$vFiction.

