=LDR  02618ngm a2200505 a 4500
=001  016167012
=003  UkOxU
=005  20070214100417.0
=007  vd\cvaizu
=008  041125p20061987enk147\g\\\\\\\\\\vleng\d
=028  42$aZ173737$bWarner Home Video
=130  10$aEmpire of the sun$1http://viaf.org/viaf/293611582
=245  00$aEmpire of the sun$h[videorecording] /$cscreenplay by Tom Stoppard ; based on the novel by J.G. Ballard ; produced by Steven Spielberg, Kathleen Kennedy, Frank Marshall ; directed by Steven Spielberg.
=260  \\$a[London?] :$bWarner Home Video,$cc2006.
=300  \\$a2 DVDs (147 min.) :$bsound, color ;$c4 3/4 in.
=336  \\$atodimensjonalt levende bilde$2rdacontent$0http://rdaregistry.info/termList/RDAContentType/1023
=337  \\$avideo$2rdamedia$0http://rdaregistry.info/termList/RDAMediaType/1008
=338  \\$avideoplate$2rdacarrier$0http://rdaregistry.info/termList/RDACarrierType/1060
=344  \\$adigital$bvideo$2rda
=345  \\$avideodisc
=346  \\$aDVD
=347  \\$avideo file$bDVD$2rda
=380  \\$afilmverk$0https://schema.nb.no/Bibliographic/Values/V1002
=500  \\$a5.1 Dolby Digital ; 2.0 Dolby Surround.
=500  \\$aA DVD release of the film produced in 1987.
=500  \\$aSpecial features: Documentary "The China Odyssey" ; trailer.
=508  \\$aCredits: Music, John Williams ; director of photography, Allen Daviau ; film editor, Michael Kahn ; production designer, Norman Reynolds ; costume designer, Bob Ringwood.
=511  0\$aCast: John Malkovich, Miranda Richardson, Nigel Havers, Christian Bale, Joe Pantoliano, Leslie Phillips, Masato Ibu, Emily Richard, Rupert Frazer, Peter Gale.
=520  \\$aFollowing the attack on Pearl Harbor, young Jim Graham is sent to a Japanese concentration camp. In desperately brutal conditions he struggles to prevent his family and friends from dying, while keeping his hopes and heroic dreams alive. A powerful epic, drawn from the childhood experiences of author J.G. Ballard.
=521  \\$aUK cert. PG.
=538  \\$aDVD region 2.
=650  \0$aFeature films$zUnited States.
=650  \0$aHistorical drama.
=650  \0$aWorld War, 1939-1945$xConcentration camps$zJapan$vDrama.
=700  1\$aBale, Christian,$d1974-$4act$1http://viaf.org/viaf/116979537
=700  1\$aDaviau, Allen$4cng$1http://viaf.org/viaf/17428858
=700  1\$aHavers, Nigel$d1949-$4act$1http://viaf.org/viaf/56811607
=700  1\$aIbu, Masatō$4act$1https://www.imdb.com/name/nm0406592/
=700  1\$aKennedy, Kathleen$d1954-$4pro$1http://viaf.org/viaf/305233626
=700  1\$aMalkovich, John$4act$1http://viaf.org/viaf/85398839
=700  1\$aMarshall, Frank$4pro$1http://viaf.org/viaf/79417930
=700  1\$aPantoliano, Joe$4act$1https://www.imdb.com/name/nm0001592/
=700  1\$aPhillips, Leslie$d1924-$4act$1https://www.imdb.com/name/nm0680587/
=700  1\$aRichard, Emily$4act$1https://www.imdb.com/name/nm0723791/
=700  1\$aRichardson, Miranda$4act$1http://viaf.org/viaf/7587211
=700  1\$aSpielberg, Steven$d1946-$4drt$4pro$1http://viaf.org/viaf/111553324
=700  1\$aStoppard, Tom$4aus$1http://viaf.org/viaf/101362857
=700  1\$aWilliams, John$d1932-$4cmp$1http://www.wikidata.org/entity/Q131285
=758  \\$aEmpire of the sun$1http://viaf.org/viaf/180997771$4http://rdaregistry.info/Elements/w/object/P10129

