=LDR  00880nam a22001815a 4500
=001  017878414
=003  UkOxU
=005  20111101162108.0
=008  111101s1969\\\\enk\\\\\\\\\\\|||\|\eng\d
=245  04$aThe inner landscape /$cMervyn Peake, J. G. Ballard, Brian W. Aldiss.
=260  \\$aLondon :$bAllison and Busby,$c1969.
=336  \\$atekst$0http://rdaregistry.info/termList/RDAContentType/1020
=337  \\$auformidlet$0http://rdaregistry.info/termList/RDAMediaType/1007
=338  \\$abind$0http://rdaregistry.info/termList/RDACarrierType/1049
=380  \\$aSpråkbasert verk$1https://schema.nb.no/Bibliographic/Values/V1000
=700  12$aAldiss, Brian W.$d1925-$tDanger, Religion!$1http://viaf.org/viaf/183421260
=700  12$aBallard, J. G.$d1930-2009$tThe voices of time$1http://viaf.org/viaf/311471559
=700  12$aPeake, Mervyn Laurence$d1911-1968$tBoy in darkness$1http://viaf.org/viaf/309308512

