=LDR  01821ngm a22003977a 4500
=001  019682030
=003  UkOxU
=005  20150121163952.0
=007  vd\cvaizu
=008  140328p20121987xxk147\\\\\\\\q\\\vleng\d
=040  \\$aUkOxU$beng$cUkOxU
=041  1\$aeng$afre$aita$jeng$jara$jdut$jfre$jice$jita
=130  10$aEmpire of the sun$1http://viaf.org/viaf/293611582
=245  00$aEmpire of the sun$h[videorecording] /$ca Steven Spielberg film.
=260  \\$a[U.K.] :$bWarner Bros Entertainment UK,$cc2012.
=300  \\$a1 DVD (147 min.) :$bsound, color ;$c4 3/4 in.
=336  \\$atodimensjonalt levende bilde$2rdacontent$0http://rdaregistry.info/termList/RDAContentType/1023
=337  \\$avideo$2rdamedia$0http://rdaregistry.info/termList/RDAMediaType/1008
=338  \\$avideoplate$2rdacarrier$0http://rdaregistry.info/termList/RDACarrierType/1060
=344  \\$adigital$bvideo$2rda
=345  \\$avideodisc
=346  \\$aDVD
=347  \\$avideo file$bDVD$2rda
=380  \\$afilmverk$0https://schema.nb.no/Bibliographic/Values/V1002
=500  \\$aBased on the novel by J.G. Ballard.
=500  \\$aDVD release of the 1987 motion picture.
=508  \\$aScreenplay, Tom Stoppard; director of photography, Allen Daviau; music, John Williams.
=511  1\$aJohn Malkovich, Miranda Richardson, Nigel Havers, Christian Bale.
=521  8\$aBBFC cert. PG.
=538  \\$aDVD: PAL Region 2.
=538  \\$aSystem requirements: DVD player or PC with a DVD ROM drive.
=546  \\$aEnglish, French, or Italian dialogue, with optional English, Arabic, Dutch, French, Icelandic, or Italian subtitles.
=650  \0$aWorld War, 1939-1945$xConcentration camps$zJapan$vDrama.
=700  1\$aBale, Christian,$d1974-$4act$1http://viaf.org/viaf/116979537
=700  1\$aHavers, Nigel,$d1949-$4act$1http://viaf.org/viaf/56811607
=700  1\$aMalkovich, John.$4act$1http://viaf.org/viaf/85398839
=700  1\$aRichardson, Miranda.$4act$1http://viaf.org/viaf/7587211
=700  1\$aSpielberg, Steven,$d1946-$4drt$4pro$1http://viaf.org/viaf/111553324
=700  1\$aStoppard, Tom.$4aus$1http://viaf.org/viaf/101362857
=758  \\$aEmpire of the sun$1http://viaf.org/viaf/180997771$4http://rdaregistry.info/Elements/w/object/P10129

