=LDR  00592nam a2200193ui 4500
=001  019989964
=003  UkOxU
=005  20141202212901.0
=008  140425s2013\\\\enk||||\|\\\\||||\||eng\d
=040  \\$aStEdALDL$beng$erda$cStEdALDL
=049  \\$aCROBAR
=240  10$aThe Drowned World$1http://viaf.org/viaf/309277534
=240  10$aThe drownd world$1http://viaf.org/viaf/309277534
=245  00$aDrowned world /$cJ. G. Ballard.
=264  \1$aLondon :$bThe Folio Society Ltd,$c2013.
=336  \\$atext$2rdacontent$0http://rdaregistry.info/termList/RDAContentType/1020
=337  \\$aunmediated$2rdamedia$0http://rdaregistry.info/termList/RDAMediaType/1007
=338  \\$avolume$2rdacarrier$0http://rdaregistry.info/termList/RDACarrierType/1049
=500  \\$aHbk, in slip cover.

