=LDR  01292nam a2200313 i 4500
=001  020949196
=003  UkOxU
=005  20171123171238.0
=008  170626r20171984enkabf\\\\\\\\000\1\eng\\
=015  \\$aGBB7F6365$2bnb
=016  7\$a018394316$2Uk
=040  \\$aUk$beng$erda$cUk
=042  \\$aukblsr
=082  04$a823.914$223
=100  1\$aBallard, J. G.$d1930-2009$eauthor.$1http://viaf.org/viaf/9842556$4http://rdaregistry.info/Elements/w/object/P10061
=240  10$aEmpire of the sun$1http://viaf.org/viaf/180997771
=245  10$aEmpire of the sun /$cJ.G. Ballard ; introduced by William Boyd ; illustrations by Tim Laing.
=264  \1$aLondon :$bThe Folio Society,$cMMXVII.
=300  \\$axiv, 278 pages, 4 leaves of plates :$billustrations (black and white), 1 map (black and white) ;$c25 cm
=336  \\$astill image$2rdacontent$0http://rdaregistry.info/termList/RDAContentType/1014
=336  \\$atext$2rdacontent$0http://rdaregistry.info/termList/RDAContentType/1020
=337  \\$aunmediated$2rdamedia$0http://rdaregistry.info/termList/RDAMediaType/1007
=338  \\$avolume$2rdacarrier$0http://rdaregistry.info/termList/RDACarrierType/1049
=380  \\$aFiction
=500  \\$a"The text of this edition follows that of the first edition, with minor emendations"--Title page verso.
=500  \\$aIn slipcase.
=500  \\$aOriginally published: London : Victor Gollancz, 1984.
=700  1\$aBoyd, William,$d1952-$ewriter of introduction.$4wri
=700  1\$aLaing, Tim,$eillustrator.$4ill
=710  2\$aFolio Society (London, England)

