=LDR  01626cam a2200349 i 4500
=001  021119934
=003  UkOxU
=005  20180207120430.0
=008  180207t19651963enk\\\\\\\\\\\000\1\eng\d
=040  \\$aUkOxU$beng$erda$cUkOxU
=100  1\$aBallard, J. G.$d1930-2009$eauthor.$1http://viaf.org/viaf/9842556$4http://rdaregistry.info/Elements/w/object/P10061
=240  10$aThe four-dimensional nightmare$1http://viaf.org/viaf/183430784
=245  14$aThe four-dimensional nightmare /$cJ.G. Ballard.
=246  1\$aFourdimensional nightmare
=264  \1$aHarmondsworth, Middlesex, England :$bPenguin Books,$c1965
=264  \4$c©1963
=300  \\$a222 pages ;$c19 cm
=336  \\$atext$2rdacontent$0http://rdaregistry.info/termList/RDAContentType/1020
=337  \\$aunmediated$2rdamedia$0http://rdaregistry.info/termList/RDAMediaType/1007
=338  \\$avolume$2rdacarrier$0http://rdaregistry.info/termList/RDACarrierType/1049
=380  \\$aFiction
=490  1\$aPenguin books ;$v2345
=500  \\$a"First published by Victor Gollancz 1963. Published in Penguin Books 1965" -- title page verso.
=505  0\$aThe voices of time -- The sound-sweep -- Prima belladonna -- Studio 5, the stars -- The garden of time -- The cage of sand -- The watch-tower -- Chronopolis.
=700  12$aBallard, J. G.$d1930-2009$tThe voices of time$1http://viaf.org/viaf/311471559
=700  12$aBallard, J. G.$d1930-2009$tThe sound-sweep
=700  12$aBallard, J. G.$d1930-2009$tPrima belladonna
=700  12$aBallard, J. G.$d1930-2009$tStudio 5, the stars
=700  12$aBallard, J. G.$d1930-2009$tThe garden of time
=700  12$aBallard, J. G.$d1930-2009$tThe cage of sand
=700  12$aBallard, J. G.$d1930-2009$tThe watch-tower
=700  12$aBallard, J. G.$d1930-2009$tChronopolis.
=830  \0$aPenguin books (Series) ;$v2345

