=LDR  00715cam a22001933i 4500
=001  004462711
=003  FI-MELINDA
=005  20070906160536.0
=008  970428s1962\\\\xx\|||||||||||||||||eng||
=041  0\$aeng
=100  1\$aBallard, J. G.$1http://viaf.org/viaf/9842556$4http://rdaregistry.info/Elements/w/object/P10061
=240  10$aThe Four-Dimensional Nightmare$1http://viaf.org/viaf/307977932
=245  14$aThe voices of time and other stories.
=260  \\$aNew York :$bBerkley,$c1962.
=300  \\$a158 s
=336  \\$ateksti$btxt$2rdacontent$0http://rdaregistry.info/termList/RDAContentType/1020
=337  \\$akäytettävissä ilman laitetta$bn$2rdamedia$0http://rdaregistry.info/termList/RDAMediaType/1007
=338  \\$anide$bnc$2rdacarrier$0http://rdaregistry.info/termList/RDAContentType/1020
=380  \\$aSpråkbasert verk$1https://schema.nb.no/Bibliographic/Values/V1000
=700  12$aBallard, J. G.$d1930-2009$tThe voices of time$1http://viaf.org/viaf/311471559

