=LDR  00605nam a22001813i 4500
=001  004527340
=003  FI-MELINDA
=005  20010626202330.0
=008  981022s1971\\\\xx\|||||||||||||||||swe||
=041  0\$aswe
=100  1\$aBallard, J. G.$1http://viaf.org/viaf/9842556$4http://rdaregistry.info/Elements/w/object/P10061
=240  10$aThe crystal world$1http://viaf.org/viaf/307967896
=245  10$aKristallvärlden.
=260  \\$aStockholm :$bWahlström and Widstrand,$c1971.
=300  \\$a195 s.
=336  \\$ateksti$btxt$2rdacontent$0http://rdaregistry.info/termList/RDAContentType/1020
=337  \\$akäytettävissä ilman laitetta$bn$2rdamedia$0http://rdaregistry.info/termList/RDAMediaType/1007
=338  \\$anide$bnc$2rdacarrier$0http://rdaregistry.info/termList/RDAContentType/1020
=380  \\$aSpråkbasert verk$1https://schema.nb.no/Bibliographic/Values/V1000

