=LDR  01281caa a22002654i 4500
=001  009145814
=003  FI-MELINDA
=005  20210128125645.0
=008  960124s1987\\\\xx\||||||||||\||||||||||c
=100  1\$aBallard, J. G.$1http://viaf.org/viaf/9842556$4http://rdaregistry.info/Elements/w/object/P10061
=245  10$aMemories of the space age.
=264  \1$aLondon; New York$bPenguin$c1988
=336  \\$atekst$0http://rdaregistry.info/termList/RDAContentType/1020
=337  \\$auformidlet$0http://rdaregistry.info/termList/RDAMediaType/1007
=338  \\$abind$0http://rdaregistry.info/termList/RDACarrierType/1049
=380  \\$aSpråkbasert verk$1https://schema.nb.no/Bibliographic/Values/V1000
=700  \2$aBallard, J. G.$d1930-2009$tThe Cage of Sand
=700  \2$aBallard, J. G.$d1930-2009$tA Question of Re-entry
=700  \2$aBallard, J. G.$d1930-2009$tThe Dead Astronaut
=700  \2$aBallard, J. G.$d1930-2009$tMy Dream of Flying to Wake Island
=700  \2$aBallard, J. G.$d1930-2009$tNews from the Sun
=700  \2$aBallard, J. G.$d1930-2009$tMemories of the Space Age
=700  \2$aBallard, J. G.$d1930-2009$tMyths of the Near Future
=700  \2$aBallard, J. G.$d1930-2009$tThe Man Who Walked on the Moon
=773  0\$7nnam$w(FI-MELINDA)000013510$tThe Penguin book of modern British short stories. -$b[New ed.]. -$dLondon ; New York : Penguin, 1988. -$z0-14-006306-4

