=LDR  00679caa a22001574i 4500
=001  010323304
=003  FI-MELINDA
=005  20210117023643.0
=008  101008s1982\\\\xxk||||||||||\||||||||||c
=100  1\$aBallard, J. G.$1http://viaf.org/viaf/9842556$4http://rdaregistry.info/Elements/w/object/P10061
=240  1\$aVenus smiles$1http://viaf.org/viaf/311471640
=245  10$aVenus smiles.
=336  \\$ateksti$btxt$2rdacontent$0http://rdaregistry.info/termList/RDAContentType/1020
=337  \\$akäytettävissä ilman laitetta$bn$2rdamedia$0http://rdaregistry.info/termList/RDAMediaType/1007
=773  0\$7nnam$w(FI-MELINDA)010138506$tModern short stories. -$dLondon : Dent. -$z0-460-01149-9. -$g2
=758  \\$aVermillion sands$1http://viaf.org/viaf/307991538$4http://rdaregistry.info/Elements/w/object/P10019

