=LDR  00587caa a22001574i 4500
=001  015099676
=003  FI-MELINDA
=005  20220328032353.0
=008  070209suuuu\\\\xx\||||||||||\||||||||||c
=040  \\$bfin
=100  1\$aBallard, J. G.$1http://viaf.org/viaf/9842556$4http://rdaregistry.info/Elements/w/object/P10061
=240  10$aBillenium$1http://viaf.org/viaf/308074297
=245  10$aBillenium.
=336  \\$ateksti$btxt$2rdacontent$0http://rdaregistry.info/termList/RDAContentType/1020
=337  \\$akäytettävissä ilman laitetta$bn$2rdamedia$0http://rdaregistry.info/termList/RDAMediaType/1007
=773  0\$7nnam$w(FI-MELINDA)005724602$tThe SF collection. -$dLondon : Chancellor Press, 1994. -$z1-85152-317-0

