=LDR  02061nmm a22004817a 4500
=001  jxp9x6b1g5bs1q1s
=003  SE-LIBR
=005  20210619133417.0
=006  a|||||||||||000\||
=006  i|\||||||||||||\|\
=007  co\|||\\\|||||\\\\\\\\\
=008  210619s2021\\\\sw\\\\\eq\\m\|\\\\\\eng|c
=024  7\$aCA53485$2MTM medienummer
=040  \\$aSEK$ea
=041  \\$aeng
=046  \\$am$m20210618$n20210817
=082  04$a823$222 (machine generated)
=084  \\$aHe.01/TD$2kssb/8
=100  1\$aBallard, James Graham$1http://viaf.org/viaf/9842556$4http://rdaregistry.info/Elements/w/object/P10061
=240  10$aConcrete Island$1http://viaf.org/viaf/174604532
=245  10$aConcrete island$h[Elektronisk resurs] /$cJ.G. Ballard.
=256  \\$aText och ljud
=264  \1$aMalmö :$bMTM,$c2021
=300  \\$a1 CD-R
=336  \\$aspoken word$bspw$2rdacontent$0http://rdaregistry.info/termList/RDAContentType/1013
=336  \\$atext$btxt$2rdacontent$0http://rdaregistry.info/termList/RDAContentType/1020
=336  \\$atale$0http://rdaregistry.info/termList/RDAContentType/1013
=337  \\$acomputer$bc$2rdamedia$0http://rdaregistry.info/termList/RDAMediaType/1003
=337  \\$alydmedier$0http://rdaregistry.info/termList/RDAMediaType/1001
=338  \\$aonline ressurs$0http://rdaregistry.info/termList/RDACarrierType/1018
=347  \\$adata file$2rda
=380  \\$aSpråkbasert verk$1https://schema.nb.no/Bibliographic/Values/V1000
=500  \\$aDigital talbok (DAISY 2.02), text och ljud
=500  \\$aInläst ur: [Ny utg.]. London : Fourth Estate, 2014. ISBN 978-0-00-728704-8
=500  \\$aSpeltid: 4 tim., 28 min.; 141 s
=506  1\$aTillgänglig för personer med läsnedsättning enligt § 17 Upphovsrättslagen$uhttp://www.mtm.se/om-oss/uppdrag-och-lagar/upphovsrattslagen/
=538  \\$aFilstorlek: 93.1 MB.
=653  \\$aTalboksinläsning för högskolestudier
=655  \4$aDAISY text och ljud
=700  1\$aWahlstedt, Malin$4nrt
=776  08$iInläst ur$tConcrete island$z9780007287048
=856  4\$s98102894
=856  40$5Mtm$uhttp://www.legimus.se/work/redirect?MedieNr=CA53485$zLadda ner. Tillgänglig för personer med läsnedsättning enligt § 17 Upphovsrättslagen

