=LDR  01832cim a22003857a 4500
=001  12615302
=003  SE-LIBR
=005  20170503185914.0
=007  sd\|||||||||||\\\\\\\\\
=008  120302s2004\\\\xxknn||e|||||||f\\|\eng|c
=024  7\$aC01626$2MTM medienummer
=040  \\$aMtm$ea
=041  \\$aeng
=042  \\$9Mtm
=046  \\$am$m20000101$n20000301
=082  04$a823$222 (machine generated)
=084  \\$aHe.016$2kssb/8
=084  \\$aHe.016/TC$2kssb/8
=100  1\$aBallard, James Graham$1http://viaf.org/viaf/9842556$4http://rdaregistry.info/Elements/w/object/P10061
=240  10$aThe disaster area$1http://viaf.org/viaf/307986100
=245  14$aThe disaster area$h[Ljudupptagning] /$cJ. G. Ballard.
=264  \1$aPeterborough :$bRoyal National Institute for the Blind,$c2004
=300  \\$a1 CD-R (6 tim., 7 min.)$bmono
=336  \\$atale$0http://rdaregistry.info/termList/RDAContentType/1013
=337  \\$alydmedier$0http://rdaregistry.info/termList/RDAMediaType/1001
=338  \\$adataplate$0http://rdaregistry.info/termList/RDACarrierType/1013
=344  \\$adigital$2rda
=347  \\$aaudio file$bCD audio$2rda
=380  \\$aSpråkbasert verk$1https://schema.nb.no/Bibliographic/Values/V1000
=500  \\$aDigital talbok (DAISY 2.02), ljud
=500  \\$aInläst ur: Cape, 1967. ISBN 0224611887
=506  1\$aTillgänglig för personer med läsnedsättning enligt § 17 Upphovsrättslagen$uhttp://www.mtm.se/om-oss/uppdrag-och-lagar/upphovsrattslagen/
=520  \\$aEn samling science fiction-noveller. Dagens trender sätts in i framtiden och författaren utforskar de psykosociala trauman som blir följden
=655  \4$aDAISY
=700  1\$aBlake, Arthur$4nrt
=776  08$iInläst ur$tThe disaster area$z0224611887
=856  40$5Mtm$uhttp://www.legimus.se/work/redirect?MedieNr=C01626$zLadda ner. Tillgänglig för personer med läsnedsättning enligt § 17 Upphovsrättslagen

