=LDR  02072cim a22003977a 4500
=001  14806465
=003  SE-LIBR
=005  20170301152427.0
=007  sd\|||||||||||\\\\\\\\\
=008  131118s2013\\\\sw\nn||e|||||||f\\|\eng|c
=024  7\$aC09253$2MTM medienummer
=040  \\$aMtm$ea
=041  \\$aeng
=042  \\$9Mtm
=046  \\$am$m20131121$n20140120
=082  04$a823$222 (machine generated)
=084  \\$aHe.01$2kssb/8
=084  \\$aHe.01/TC$2kssb/8
=100  1\$aBallard, James Graham$1http://viaf.org/viaf/9842556$4http://rdaregistry.info/Elements/w/object/P10061
=240  10$aEmpire of the sun$1http://viaf.org/viaf/180997771
=245  10$aEmpire of the sun$h[Ljudupptagning] /$cby J. G. Ballard.
=264  \1$aJohanneshov :$bMTM,$c2013
=300  \\$a1 CD-R (10 tim., 36 min.)$bmono
=336  \\$atale$0http://rdaregistry.info/termList/RDAContentType/1013
=337  \\$alydmedier$0http://rdaregistry.info/termList/RDAMediaType/1001
=338  \\$adataplate$0http://rdaregistry.info/termList/RDACarrierType/1013
=344  \\$adigital$2rda
=347  \\$aaudio file$bCD audio$2rda
=380  \\$aSpråkbasert verk$1https://schema.nb.no/Bibliographic/Values/V1000
=500  \\$aDigital talbok (DAISY 2.02), ljud
=500  \\$aFortsättes av: The kindness of women
=500  \\$aÖverföring av analog ljudbok från: Bath : Chivers Audio Books, p 1986
=506  1\$aTillgänglig för personer med läsnedsättning enligt § 17 Upphovsrättslagen$uhttp://www.mtm.se/om-oss/uppdrag-och-lagar/upphovsrattslagen/
=520  \\$aSvensk titel: Solens rike. När japanerna intar Shanghai 1941, skiljs Jim, 11 år, från sina föräldrar. Han flackar ensam runt i den kaotiska staden och upplever åtskilliga strapatser, innan han hamnar i fångläger. Där möter han förnedring och sjukdom med en okuvlig vilja att överleva. Boken bygger på förf:s egna upplevelser. Inläsn. på engelska
=653  \\$aFilmad bok
=655  \4$aDAISY
=700  1\$aEgan, Peter$4nrt
=856  40$5Mtm$uhttp://www.legimus.se/work/redirect?MedieNr=C09253$zLadda ner. Tillgänglig för personer med läsnedsättning enligt § 17 Upphovsrättslagen

