=LDR  01729cgm a22003617a 4500
=001  19767642
=003  SE-LIBR
=005  20170826134102.0
=008  161018s2016\\\\sw\113\|\\\\\||\\\m|eng|c
=024  3\$a5706168998597
=024  3\$a5706168999655
=040  \\$aVasb$ea
=041  \\$aeng$jdan$jnor$jswe$jfin
=082  04$a822$222 (machine generated)
=084  \\$aHe.025$2kssb/8
=084  \\$aHe.025/VC$2kssb/8
=130  10$aHigh Rise$1http://www.wikidata.org/entity/Q16994014
=245  10$aHigh-rise$h[Videoupptagning] /$ca film by Ben Wheatley ; written by Amy Jump ; directed by Ben Wheatley ; produced by Jeremy Thomas.
=264  \1$aStockholm :$bUniversal Sony Pictures Home Entertainment Nordic,$c2017
=264  \1$c2016
=300  \\$a1 DVD-Video (1 tim., 53 min.)$bljud, färg
=336  \\$atwo-dimensional moving image$btdi$2rdacontent$0http://rdaregistry.info/termList/RDAContentType/1023
=337  \\$avideo$bn$2rdamedia$0http://rdaregistry.info/termList/RDAMediaType/1008
=338  \\$adataplate$0http://rdaregistry.info/termList/RDACarrierType/1060
=500  \\$aBygger på romanen: High-rise / J.G. Ballard. - Originalfilmen: High-Rise ; The British Film Institute ; Channel Four Television, cop. 2015.
=500  \\$aInnehåller även: Bringing Ballard to the big screen.
=511  0\$aSkådespelare: Tom Hiddleston, Jeremy Irons, Sienna Miller, Luke Evans, Elisabeth Moss, James Purefoy, Keeley Hawes...
=538  \\$aRegion 2; bildformat: 16:9 widescreen (2.35:1); ljudformat: Dolby digital 5.1
=546  \\$aTal på engelska, textad på svenska, norska, danska och finska.
=655  \7$aDrama (film)$0https://id.kb.se/term/saogf/Drama%20%28film%29$2saogf
=655  \7$aThrillers (film)$0https://id.kb.se/term/saogf/Thrillers%20%28film%29$2saogf
=700  1\$aJansson, Thomas$4trl
=700  1\$aMansell, Clint$4msd$4cmp$1https://www.imdb.com/name/nm0543739/
=700  1\$aRose, Laurie$4cng$1http://viaf.org/viaf/310657608
=700  1\$aWheatley, Ben$4fmd$1http://viaf.org/viaf/252508880
=758  \\$aHigh-rise$1http://viaf.org/viaf/308016990$4http://rdaregistry.info/Elements/w/object/P10129

