=LDR  02164cim a22004217a 4500
=001  12618129
=003  SE-LIBR
=005  20170512104508.0
=007  sd\|||||||||||\\\\\\\\\
=008  120302s2005\\\\sw\nn||e|||||||f\\|\swe|c
=024  7\$aC35673$2MTM medienummer
=040  \\$aMtm$ea
=041  1\$aswe$heng
=042  \\$9Mtm
=046  \\$am$m20000101$n20000301
=082  04$a823$222 (machine generated)
=084  \\$aHcee.01$2kssb/8
=084  \\$aHcee.01/TC$2kssb/8
=100  1\$aBallard, James Graham$1http://viaf.org/viaf/9842556$4http://rdaregistry.info/Elements/w/object/P10061
=240  10$aThe crystal world$lSvenska$1http://viaf.org/viaf/307967896
=245  10$aKristallvärlden$h[Ljudupptagning] /$cJ. G. Ballard ; [översättning: Peter Stewart].
=264  \1$aEnskede :$bTPB,$c2005
=300  \\$a1 CD-R (7 tim., 10 min.)$bmono
=336  \\$atale$0http://rdaregistry.info/termList/RDAContentType/1013
=337  \\$alydmedier$0http://rdaregistry.info/termList/RDAMediaType/1001
=338  \\$adataplate$0http://rdaregistry.info/termList/RDACarrierType/1013
=344  \\$adigital$2rda
=347  \\$aaudio file$bCD audio$2rda
=380  \\$aSpråkbasert verk$1https://schema.nb.no/Bibliographic/Values/V1000
=500  \\$aDigital talbok (DAISY 2.0)
=500  \\$aInläst ur: Stockholm : W&W, 1971
=500  \\$aÖverföring av analog inläsning från: Enskede : TPB, 1993
=506  1\$aTillgänglig för personer med läsnedsättning enligt § 17 Upphovsrättslagen$uhttp://www.mtm.se/om-oss/uppdrag-och-lagar/upphovsrattslagen/
=520  \\$aSällsam och fascinerande SF-roman, där en afrikansk skog drabbas av en underlig tidscancer från yttre rymden, som förvandlar allt - träd, vatten, djur, människor, själva luften - till glänsande kristaller. Som kanske innebär en ny sorts odödlighet. Både huvudpersonerna och den yttre ramen har starka drag av Graham Greenes Utbränd
=653  \\$aScience fiction
=655  \4$aDAISY
=700  1\$aFrancke, Annika$4nrt
=700  1\$aStewart, Peter$4trl
=776  08$iInläst ur$tKristallvärlden
=856  40$5Mtm$uhttp://www.legimus.se/work/redirect?MedieNr=C35673$zLadda ner. Tillgänglig för personer med läsnedsättning enligt § 17 Upphovsrättslagen

