=LDR  02962cgm a22005417a 4500
=001  12540776
=003  SE-LIBR
=005  20181030230000.0
=007  vd\cvai|s\\\\\\\\\\\\\\
=008  120213p19981996xxu090\|\\\\\||\\\v|eng|d
=024  3\$a5050582499193$qEAN
=028  41$aC824 9919
=040  \\$aCLE$cCLE$dEMU$dCtY$dKd$ea
=041  \\$aeng$aspa$deng$dspa
=130  10$aCrash$1http://www.wikidata.org/entity/Q188000
=245  10$aCrash$h[videorecording] /$cFineLine Features ; Alliance in association with Fine Line Features ; Robert Lantos and Jeremy Thomas present an Alliance Communications production ; a David Cronenberg film ; written by David Cronenberg ; produced and directed by David Cronenberg.
=264  \1$a[U.S.] :$bNew Line Home Video :$bSony Home Entertainment,$cc1998 ; 2007
=300  \\$a1 videodisc (90 min)$bsound, color$c4 3/4 in.
=336  \\$atodimensjonalt levende bilde$2rdacontent$0http://rdaregistry.info/termList/RDAContentType/1023
=337  \\$avideo$2rdamedia$0http://rdaregistry.info/termList/RDAMediaType/1008
=338  \\$avideoplate$2rdacarrier$0http://rdaregistry.info/termList/RDACarrierType/1060
=344  \\$adigital$bvideo$gstereo$2rda
=345  \\$avideodisc
=346  \\$aDVD
=347  \\$avideo file$bDVD$2rda
=380  \\$afilmverk$0https://schema.nb.no/Bibliographic/Values/V1002
=500  \\$aBased on the book by J.G. Ballard.
=500  \\$aOriginally released as a motion picture in 1996.
=500  \\$aSpecial feature include: theatrical trailer
=500  \\$aWidescreen version (aspect ratio, 1.78:1).
=508  \\$aExecutive producers, Jerry Thomas and Robert Lantos ; music, Howard Shore ; editor, Ronald Sanders ; director of photography, Peter Suschitzky .
=511  1\$aHolly Hunter, James Spader, Elias Koteas, Deborah Kara Unger, Rosanna Arquette
=520  \\$aJames Ballard, a bored film director, explores a psycho-sexual link between sex and car crashes.  He joins Dr. Helen Remington to explore the eroticism of the car and the sexual violence of auto accidents.  His quest eventually leads him to Vaughan, a renegade scientist.
=521  8\$aMPAA rating: R and NC-17 ; view the different versions by using the interactive menus.
=538  \\$aDVD.
=546  \\$aEnglish or spanish language soundtracks (stereo) with optional subtitles in English and Spanish
=650  \0$aFeature films$zCanada.
=650  \0$aFetishism (Sexual behavior)$vDrama.
=650  \0$aTraffic accident victims$vDrama.
=653  \\$5Kd$aDVD
=700  1\$aArquette, Rosanna,$d1959-$4act$1http://viaf.org/viaf/32190722
=700  1\$aBallard, J. G.$d1930-$tCrash.$1http://viaf.org/viaf/305922109$4http://rdaregistry.info/Elements/w/object/P10129
=700  1\$aCronenberg, David,$d1943-$4fmd$4pro$4aus$1http://viaf.org/viaf/97752099
=700  1\$aHunter, Holly,$d1958-$4act$1http://viaf.org/viaf/34649834
=700  1\$aKoteas, Elias,$d1961-$4act$1http://viaf.org/viaf/44498574
=700  1\$aLantos, Robert,$d1949-$4pro$1http://viaf.org/viaf/304130472
=700  1\$aSpader, James.$4act$1http://viaf.org/viaf/85111802
=700  1\$aThomas, Jeremy$4pro$1http://viaf.org/viaf/304130472
=700  1\$aUnger, Deborah Kara.$4act$1http://viaf.org/viaf/85650582
=710  2\$aAlliance Communications.
=710  2\$aFine Line Features.

