=LDR  02500cim a22004577a 4500
=001  12613369
=003  SE-LIBR
=005  20170512093728.0
=007  sd\|||||||||||\\\\\\\\\
=008  120302s2004\\\\sw\nn||e|||||||\\\|\swe|c
=024  7\$aC30572$2MTM medienummer
=040  \\$aMtm$ea
=041  \\$aswe
=042  \\$9Mtm
=046  \\$am$m20000101$n20000301
=082  04$a809.3876$222 (machine generated)
=083  0\$a809.04$222 (machine generated)
=084  \\$aG.0978$2kssb/8
=084  \\$aG.0978/TC$2kssb/8
=084  \\$aG.5$2kssb/8
=084  \\$aG.5/TC$2kssb/8
=100  1\$aHolmberg, John-Henri$1http://viaf.org/viaf/30832323$4http://rdaregistry.info/Elements/w/object/P10061
=240  \\$aInre landskap och yttre rymd$1http://www.wikidata.org/entity/Q59191181/2
=245  10$aInre landskap och yttre rymd$h[Ljudupptagning]$bscience fictions historia$n2$pFrån J. G. Ballard till Gene Wolfe /$cJohn-Henri Holmberg.
=264  \1$aEnskede :$bTPB
=264  \1$c2004
=300  \\$aD. 2: 1 CD-R (24 tim., 39 min.) : mono
=336  \\$atale$0http://rdaregistry.info/termList/RDAContentType/1013
=337  \\$alydmedier$0http://rdaregistry.info/termList/RDAMediaType/1001
=338  \\$adataplate$0http://rdaregistry.info/termList/RDACarrierType/1013
=344  \\$adigital$2rda
=347  \\$aaudio file$bCD audio$2rda
=380  \\$aSpråkbasert verk$1https://schema.nb.no/Bibliographic/Values/V1000
=500  \\$aD. 2: 1 CD-R (24 tim., 39 min.) : mono
=500  \\$aDigital talbok (DAISY 2.02), ljud
=500  \\$aInläst ur: Lund : Btj, 2003
=506  1\$aTillgänglig för personer med läsnedsättning enligt § 17 Upphovsrättslagen$uhttp://www.mtm.se/om-oss/uppdrag-och-lagar/upphovsrattslagen/
=520  \\$aDel 2 i förf:s science fiction-historik sträcker sig från 1970-talet fram till sekelskiftet: "Från J. G. Ballard till Gene Wolf". Drygt halva boken består av en kronologisk genomgång av genrens utveckling under de senaste 30 åren. Andra halvan ägnas åt 52 författarporträtt där även bibliografi ingår. Ett avsnitt om science fiction i Sverige samt mindre texter om andra språkområden än det engelskläsande ingår också. Inläst ur Btj, 2003
=655  \4$aDAISY
=700  1\$aStröm, Ove$4nrt
=776  08$iInläst ur$tInre landskap och yttre rymd
=800  \\$aHolmberg, John-Henri$tInre landskap och yttre rymd$1http://www.wikidata.org/entity/Q59191181
=856  40$5Mtm$uhttp://www.legimus.se/work/redirect?MedieNr=C30572$zLadda ner. Tillgänglig för personer med läsnedsättning enligt § 17 Upphovsrättslagen

