=LDR  01081nam a2200253 ca4500
=001  984138587
=003  DE-101
=005  20200207113126.0
=007  tu
=008  070510s\\\\\\\\gw\|||||\||||\00|||||||\\
=016  7\$2DE-101$a984138587
=040  \\$a1240$bger$cDE-101$d1140
=044  \\$cXA-DE-BY
=082  74$a820$aB$qDE-101$222sdnb
=100  1\$0(DE-588)118656929$0https://d-nb.info/gnd/118656929$0(DE-101)118656929$aBallard, J. G.$d1930-2009$eVerfasser$4aut$2gnd$1http://viaf.org/viaf/9842556$4http://rdaregistry.info/Elements/w/object/P10061
=243  10$aSammlung$ldt.
=245  10$aGesammelte Erzählungen$bin zwei Bänden$cJ. G. Ballard. [Bearb. der Übers.: Angela Herrmann und Hannes Riffel]
=264  \1$aMünchen$bHeyne
=300  \\$c19 cm
=336  \\$aText$btxt$2rdacontent$0http://rdaregistry.info/termList/RDAContentType/1020
=337  \\$aohne Hilfsmittel zu benutzen$bn$2rdamedia$0http://rdaregistry.info/termList/RDAMediaType/1007
=338  \\$aBand$bnc$2rdacarrier$0http://rdaregistry.info/termList/RDACarrierType/1049
=700  1\$aHerrmann, Angela$eMitwirkender$4trl$1https://d-nb.info/gnd/1204277397$0https://d-nb.info/gnd/1204277397
=700  1\$aRiffel, Hannes$eMitwirkender$4trl$1http://viaf.org/viaf/37634899

