=LDR  00884njm a2200265 c 4500
=001  1236595602
=003  DE-101
=005  20210908222147.0
=007  s|||||||||||||
=008  210706s2021\\\\gw\|||||\|||||||||||zxx\\
=015  \\$a21,T09$2dnb
=016  7\$2DE-101$a1236595602
=028  32$aaatp85
=028  32$acure.24
=040  \\$a1330$bger$cDE-101$d9999$erda
=041  \\$azxx
=044  \\$cXA-DE
=082  74$81\p$a781.648$qDE-101$223sdnb
=245  00$aTime ends$ba tribute to J​.​G. Ballard's tetralogy of transformation
=264  \1$a[Köln]$bauf abwegen$a[Berlin]$bthe epicurean$c2021
=300  \\$a1 CD$e1 Blatt, 1 gefaltetes Blatt (8 ungezählte Seiten)
=336  \\$aaufgeführte Musik$bprm$2rdacontent$0http://rdaregistry.info/termList/RDAContentType/1011
=337  \\$aaudio$bs$2rdamedia$0http://rdaregistry.info/termList/RDAMediaType/1001
=338  \\$aAudiodisk$bsd$2rdacarrier$0http://rdaregistry.info/termList/RDACarrierType/1004
=344  \\$adigital$2rda
=655  \7$0(DE-588)4522869-3$0https://d-nb.info/gnd/4522869-3$0(DE-101)955174880$aCD$2gnd-carrier

