=LDR  03913nam a2200649uc 4500
=001  1218041110
=003  DE-101
=005  20201215234946.0
=007  cr||||||||||||
=008  200921s2019\\\\gw\|||||o||||\00||||eng\\
=015  \\$a20,O10$2dnb
=016  7\$2DE-101$a1218041110
=024  7\$2urn$aurn:nbn:de:101:1-2020092114052735396320
=024  7\$a10.17645/up.v4i3.2118$2doi
=024  8\$aoai:gesis.izsoz.de:document/65450
=040  \\$a1240$bger$cDE-101$d9999
=041  \\$81\p$aeng
=044  \\$cXA-DE-BW
=082  74$83\p$a720$qDE-101$223sdnb
=084  \\$a710$2sdnb
=100  1\$82\p$aBraghieri, Nicola$eVerfasser$4aut$1http://viaf.org/viaf/230359460$4http://rdaregistry.info/Elements/w/object/P10061
=240  \\$a'The Towers of Terror': A Critical Analysis of Ernő Goldfinger's Balfron and Trellick Towers$1http://viaf.org/viaf/230359460/thetowersofterror
=245  10$a'The Towers of Terror': A Critical Analysis of Ernő Goldfinger's Balfron and Trellick Towers
=264  \1$aMannheim$bSSOAR - Social Science Open Access Repository$c2019
=300  \\$aOnline-Ressource
=336  \\$aText$btxt$2rdacontent$0http://rdaregistry.info/termList/RDAContentType/1020
=337  \\$aComputermedien$bc$2rdamedia$0http://rdaregistry.info/termList/RDAMediaType/1003
=338  \\$aOnline-Ressource$bcr$2rdacarrier$0http://rdaregistry.info/termList/RDACarrierType/1018
=336  \\$atekst$0http://rdaregistry.info/termList/RDAContentType/1020
=337  \\$adatamaskin$0http://rdaregistry.info/termList/RDAMediaType/1003
=338  \\$aonline ressurs$0http://rdaregistry.info/termList/RDACarrierType/1018
=347  \\$adata file$2rda
=380  \\$aSpråkbasert verk$1https://schema.nb.no/Bibliographic/Values/V1000
=500  \\$abegutachtet (peer reviewed)
=500  \\$aIn: Urban Planning ; 4 (2019) 3 ; 223-249
=500  \\$aVeröffentlichungsversion
=506  0\$aOpen Access$fUnrestricted online access$uhttp://purl.org/coar/access_right/c_abf2$2star
=506  0\$aOpen Access$fUnrestricted online access$uhttp://purl.org/coar/access_right/c_abf2$2star
=520  \\$aAbstract: When J. G. Ballard published his masterpiece High-Rise in 1975, many readers in London automatically identified the apartment building that is the protagonist of the dystopian novel as the infamous Trellick Tower at Kensal Town, certainly one of the most controversial and ambiguous figures of British architecture after World War II. Designed by Ernő Goldfinger, the tower, which had recently been completed, was already considered a symbol of the brutality of contemporary architecture, to the point of gaining the nickname 'Tower of Terror' coined by its own inhabitants. Actually, in public opinion the nearly twin sister of the earlier Balfron Tower at Poplar embodied all the ills of urban planning and of the housing policies of the post-war reconstruction. The large size of the project, the uniformity of its facades, the presence of bulky stairwells separated from the main volume, connected by elevated bridges and brandishing the big chimneys of the heating system, the complex apartm
=540  \\$aCreative Commons - Namensnennung 4.0$uhttp://creativecommons.org/licenses/by/4.0$2cc
=583  1\$aArchivierung/Langzeitarchivierung gewährleistet$5DE-101$2pdager
=653  \\$aBalfron Tower
=653  \\$aBrutalist architecture
=653  \\$aGoldfinger, E.
=653  \\$aTrellick Tower
=653  \0$a(thesoz)20. Jahrhundert
=653  \0$a(thesoz)Architektur
=653  \0$a(thesoz)Großbritannien
=653  \0$a(thesoz)Hochhaus
=653  \0$a(thesoz)Nachkriegszeit
=653  \0$a(thesoz)Sozialwohnung
=653  \0$a(thesoz)Stadtplanung
=653  \0$a(thesoz)Wohnung
=653  \0$a(thesoz)Wohnungspolitik
=856  \0$uhttps://d-nb.info/1218041110/34$xLangzeitarchivierung Nationalbibliothek
=856  4\$qapplication/pdf$s90400331 bytes$uhttps://www.ssoar.info/ssoar/handle/document/65450
=856  40$uhttps://doi.org/10.17645/up.v4i3.2118$xResolving-System
=856  40$uhttps://nbn-resolving.org/urn:nbn:de:101:1-2020092114052735396320$xResolving-System

