=LDR  03781cam a22004693a 4500
=001  12518026
=003  SE-LIBR
=005  20120504180924.0
=007  cr\|||\\\|||||\\\\\\\\\
=008  120131s2004\\\\xxk|||||o|||||000\e|eng|d
=020  \\$a0230502989$c£64.40
=020  \\$a9780230502987$c£64.40
=020  \\$z9781403944467 (Print)
=040  \\$aUK-WkNB$beng$cUK-WkNB$ea
=041  \\$aeng
=072  \7$aDNF$2bicssc
=072  \7$aJMH$2bicssc
=072  \7$aLIT$2eflch
=100  1\$aNg, Andrew Hock-soon,$d1972-$4aut$1http://viaf.org/viaf/6037362$4http://rdaregistry.info/Elements/w/object/P10061
=240  \\$aDimensions of monstrosity in contemporary narratives$1http://viaf.org/viaf/6037362/dimensions
=245  10$aDimensions of monstrosity in contemporary narratives$h[Elektronisk resurs]$bTheory, psychoanalysis, postmodernism /$cAndrew Hock-soon Ng.
=264  \1$aBasingstoke :$bPalgrave Macmillan,$c2004
=300  \\$a240 pages.
=336  \\$atekst$0http://rdaregistry.info/termList/RDAContentType/1020
=337  \\$adatamaskin$0http://rdaregistry.info/termList/RDAMediaType/1003
=338  \\$aonline ressurs$0http://rdaregistry.info/termList/RDACarrierType/1018
=347  \\$adata file$2rda
=380  \\$aSpråkbasert verk$1https://schema.nb.no/Bibliographic/Values/V1000
=365  \\$a02$b64.40$cGBP$d00$hS 56.00 15.0 64.40 8.40$jGB$kxxk$mPalgrave Macmillan$2onix-pt
=366  \\$b20040914$cIP 20090826$jGB$kxxk$mPalgrave Macmillan$2UK-WkNB
=500  \\$aEbook.
=500  \\$aOriginally published in: 2004.
=505  8\$aAcknowledgements Introduction: Dimensions of Monstrosity Monstrous Space Geopolitics of the Serial Killer Monstrous Progeny Monstrous Bodies Conclusion: The Language of Monstrosity Notes Bibliography Index.
=516  \\$aDocument
=520  \\$bThis study seeks to situate the monster in contemporary narratives. Deploying psychoanalysis, cultural theories, and recent studies in gender and sexuality, it discusses various forms of monstrous representations starting with lived space and concluding with language as a textual space for the creation/coercion of monstrosity. It argues that, unlike traditional monster narratives (notably the Gothic) which see the monster as an alien 'other' that has to be contemplated and finally expelled, contemporary monster narratives situate this 'other' with(in) us, so forcing us to reconsider our positions as subjectivities, and the socio-ideological space we inhabit. Popular fiction by Peter Ackroyd, J. G. Ballard, Doris Lessing, Iain Banks, Bret Easton Ellis, Joyce Carol Oates, Angela Carter, Patrick McGrath and Janice Galloway are discussed, showcasing an array of monstrous manifestations including various forms of monstrous spatiality (including language), the deformed body, the serial killer and the enigmatic child.
=538  \\$aAdobe Ebook Reader.
=545  0\$aANDREW NG is Lecturer in Contemporary Fiction, Film Studies and Theories of Authorship and Writing at Monash University, Malaysia.
=650  \7$aLiterary essays.$2bicssc
=650  \7$aLiterature.$2eflch
=650  \7$aSocial, group or collective psychology.$2bicssc
=856  40$5Hdig$uhttp://link.sub.su.se/sfxsub?url_ver=Z39.88-2004&ctx_ver=Z39.88-2004&ctx_enc=info:ofi/enc:UTF-8&rfr_id=info:sid/sfxit.com:opac_856&url_ctx_fmt=info:ofi/fmt:kev:mtx:ctx&sfx.ignore_date_threshold=1&rft.object_id=1000000000343206&svc_val_fmt=info:ofi/fmt:kev:mtx:sch_svc&$zTillgänglig för användare inom Stockholms universitet$zSpringerLink Books - AutoHoldings:Full Text
=856  40$5Tdig$uhttp://pmt-eu.hosted.exlibrisgroup.com/openurl/46KTH/46KTH_services_page?u.ignore_date_coverage=true&rft.mms_id=99525053202456$zOnline access for KTHB$zfulltext$zSpringer
=856  42$uhttp://dx.doi.org/10.1057/9780230502987$x856other$zTable of Contents / Abstracts

