=LDR  00996cam a2200265   4500
=001  a4288328
=003  SpMaBN
=005  20200515023335.6
=008  080624s2008\\\\sp\\\\\|\||||\000\f\spa\\
=015  \\$aMON0810
=017  \\$aB 5559-2008$bOficina Depósito Legal Barcelona
=020  \\$a978-84-450-7688-0
=040  \\$aSpMaBN$bspa$cSpMaBN$erdc
=041  1\$aspa$heng
=080  \\$a821.111-31"19"
=100  1\$aBallard, J. G.$d1930-2009$0XX1721261$1http://viaf.org/viaf/9842556$4http://rdaregistry.info/Elements/w/object/P10061
=240  10$aDrowned world$lEspañol$1http://viaf.org/viaf/309277534
=245  13$aEl mundo sumergido$h[Texto impreso]$cJ.G. Ballard ; traducción de Francisco Abelenda
=250  \\$a1ª ed. en esta presentación en Colección Booket
=260  \\$aBarcelona$bBooket$c2008
=300  \\$a221 pages$c19 cm
=336  \\$atext$btxt$2rdacontent$0http://rdaregistry.info/termList/RDAContentType/1020
=337  \\$aunmediated$bn$2rdamedia$0http://rdaregistry.info/termList/RDAMediaType/1007
=338  \\$avolume$bnc$2rdacarrier$0http://rdaregistry.info/termList/RDACarrierType/1049
=380  \\$aNovel
=490  1\$aCiencia ficción$v8026
=594  \\$aTraducción de: Drowned world
=596  \\$aEn la portada: Minotauro
=830  \0$aCiencia ficción (Booket (Editorial))$v8026

