=LDR  02469cam a2200565 i 4500
=001  003094196
=003  FI-MELINDA
=005  20211110163521.0
=008  851008s1985\\\\fi\|||||||||||||||f|fin||
=015  \\$afx47308$2skl
=020  \\$a951-1-08518-2$qsidottu
=040  \\$aFI-NL$bfin
=041  1\$afin$heng
=042  \\$afinb
=080  \\$a820$x-3$21974/fin/fennica
=084  \\$a84$2ykl
=084  \\$a84.2$2ykl
=100  1\$aBallard, J. G.$1http://viaf.org/viaf/9842556$4http://rdaregistry.info/Elements/w/object/P10061
=240  10$aEmpire of the sun$1http://viaf.org/viaf/180997771
=245  10$aAuringon valtakunta /$cJ. G. Ballard ; suom. Jussi Nousiainen.
=260  \\$aHelsingissä [Hki] :$bOtava,$c1985$e(Keuruu)
=300  \\$a336 s. ;$c22 cm
=336  \\$ateksti$btxt$2rdacontent$0http://rdaregistry.info/termList/RDAContentType/1020
=337  \\$akäytettävissä ilman laitetta$bn$2rdamedia$0http://rdaregistry.info/termList/RDAMediaType/1007
=338  \\$anide$bnc$2rdacarrier$0http://rdaregistry.info/termList/RDAContentType/1020
=380  \\$aSpråkbasert verk$1https://schema.nb.no/Bibliographic/Values/V1000
=490  1\$aOtavan kirjasto
=500  \\$aLisäpainokset: 2. p. 1985.
=563  \\$aSID.
=590  \\$a2. p. 1985
=650  \7$aandra världskriget$2yso/swe$0http://www.yso.fi/onto/yso/p8900
=650  \7$afinsk litteratur$2yso/swe$0http://www.yso.fi/onto/yso/p16810
=650  \7$akrig$2yso/swe$0http://www.yso.fi/onto/yso/p1271
=650  \7$aromaanit$xkäännökset$xsuomen kieli$xenglannin kieli$2kaunokki
=650  \7$aromaner$xöversättningar$xfinska$xengelska$2bella
=650  \7$asodat$2yso/fin$0http://www.yso.fi/onto/yso/p1271
=650  \7$asuomenkielinen kirjallisuus$2yso/fin$0http://www.yso.fi/onto/yso/p16810
=650  \7$atoinen maailmansota$2kaunokki$0http://urn.fi/URN:NBN:fi:au:kaunokki:42028
=650  \7$atoinen maailmansota$2yso/fin$0http://www.yso.fi/onto/yso/p8900
=650  \7$avankileirit$2kaunokki$0http://urn.fi/URN:NBN:fi:au:kaunokki:43886
=650  \7$avankileirit$zKiina$zŠanghai$2kaunokki
=651  \7$aKiina$2yso/fin$0http://www.yso.fi/onto/yso/p104984
=651  \7$aKina$2yso/swe$0http://www.yso.fi/onto/yso/p104984
=651  \7$aShanghai$2yso/fin$0http://www.yso.fi/onto/yso/p108743
=651  \7$aShanghai$2yso/swe$0http://www.yso.fi/onto/yso/p108743
=653  \\$aromaanit$aenglannin kieli$asuomenkielinen käännös
=655  \7$akaunokirjallisuus$2slm/fin$0http://urn.fi/URN:NBN:fi:au:slm:s975
=655  \7$askönlitteratur$2slm/swe$0http://urn.fi/URN:NBN:fi:au:slm:s975
=700  1\$aNousiainen, Jussi$c(kääntäjä)$0(FI-ASTERI-N)000111824$4trl
=830  \0$aOtavan kirjasto.

