=LDR  00959nam a2200253   4500
=001  bimo0001810656
=003  SpMaBN
=005  20200515020028.6
=008  021002s2002\\\\sp\|\\\\\\\\\\|||\||spa\\
=016  7\$abimoBNE20020687742$2SpMaBN
=017  \\$aB 22937-2002$bOficina Depósito Legal Barcelona
=020  \\$a84-450-7008-8
=040  \\$aSpMaBN$bspa$cSpMaBN$erdc
=041  1\$aspa$heng
=080  \\$a821.111-31"19"
=100  1\$aBallard, J. G.$d1930-2009$0XX1721261$1http://viaf.org/viaf/9842556$4http://rdaregistry.info/Elements/w/object/P10061
=240  14$aThe atrocity exhibition$lEspañol$1http://viaf.org/viaf/182227002
=245  13$aLa exhibición de atrocidades$h[Texto impreso]$cJ.G. Ballard ; [traducción de Marcelo Cohen y Francisco Abelenda]
=250  \\$a1ª ed. en bolsillo
=260  \\$aBarcelona$bMinotauro$c2002
=300  \\$a176 pages$c18 cm
=336  \\$atext$btxt$2rdacontent$0http://rdaregistry.info/termList/RDAContentType/1020
=337  \\$aunmediated$bn$2rdamedia$0http://rdaregistry.info/termList/RDAMediaType/1007
=338  \\$avolume$bnc$2rdacarrier$0http://rdaregistry.info/termList/RDACarrierType/1049
=490  1\$aAutores
=594  \\$aTraducción de: The atrocity exhibition
=830  \0$aAutores (Barcelona)
=700  1\$aAbelenda, Francisco$d1922-2014$4trl$1http://viaf.org/viaf/76117483
=700  1\$aCohen, Marcelo$d1951-$4trl$1http://viaf.org/viaf/116307066

