=LDR  00925nam a2200265 c 4500
=001  a6284993
=003  SpMaBN
=005  20200227020307.5
=008  180723s2018\\\\sp\\\\\|\||||\000\f\spa\\
=015  \\$aMON18
=017  \\$aM 4958-2018$bOficina Depósito Legal Madrid
=020  \\$a978-84-9181-075-9
=040  \\$aSpMaBN$bspa$cSpMaBN$erdc
=041  1\$aspa$heng
=080  \\$a821.111-31"19"
=100  1\$aBallard, J. G.$d1930-2009$4aut$0XX1721261$1http://viaf.org/viaf/9842556$4http://rdaregistry.info/Elements/w/object/P10061
=240  10$aHigh-rise$lEspañol$1http://viaf.org/viaf/308016990
=245  10$aRascacielos$cJ.G. Ballard ; traducción de David Tejera Expósito
=260  \\$aMadrid$bAlianza$c2018
=300  \\$a199 pages$c23 cm
=336  \\$aTexto (visual)$2isbdcontent$0http://rdaregistry.info/termList/RDAContentType/1020
=337  \\$asin mediación$2isbdmedia$0http://rdaregistry.info/termList/RDAMediaType/1007
=380  \\$aNovel
=490  0\$aRunas
=594  \\$aTítulo original: High-rise
=700  1\$aTejera Expósito, David$etraductor$4trl

