=LDR  01232nam a2200301 c 4500
=001  931287782
=003  DE-101
=005  20171202184219.0
=007  tu
=008  930818s1993\\\\gw\|||||\||||\00||||ger\\
=015  \\$a93,A37,0920$2dnb
=016  7\$2DE-101$a931287782
=020  \\$a3492035779$cPp. : DM 44.00$93-492-03577-9
=020  \\$a9783492035774$cPp. : DM 44.00$9978-3-492-03577-4
=040  \\$a1200$bger$cDE-101$d9999
=041  \\$81\p$ager
=044  \\$cXA-DE
=084  \\$a59$a810$a820$a830$a839$a840$a850$a860$a870$a880$a890$aB$qDE-101$2sdnb
=100  1\$0(DE-588)118656929$0https://d-nb.info/gnd/118656929$0(DE-101)118656929$aBallard, J. G.$d1930-2009$eVerfasser$4aut$2gnd$1http://viaf.org/viaf/9842556$4http://rdaregistry.info/Elements/w/object/P10061
=245  10$aDas grosse Herz der Frauen$bRoman$cJ. G. Ballard. Aus dem Engl. von Joachim Körber
=250  \\$a[1. - 4. Tsd.]
=259  \\$a11
=264  \1$aMünchen$aZürich$bPiper$c1993
=300  \\$a399 S.$c22 cm
=336  \\$aText$btxt$2rdacontent$0http://rdaregistry.info/termList/RDAContentType/1020
=337  \\$aohne Hilfsmittel zu benutzen$bn$2rdamedia$0http://rdaregistry.info/termList/RDAMediaType/1007
=338  \\$aBand$bnc$2rdacarrier$0http://rdaregistry.info/termList/RDACarrierType/1049
=700  12$aBallard, J. G.$d1930-2009$2gnd$tThe kindness of women$gdt.$1http://viaf.org/viaf/8009153289944232770002

