=LDR  01073cam a2200313 i 4500
=001  016659399
=003  Uk
=005  20140407133259.0
=008  971211r19981996dcu\\\\\\\\\\|0|0\1|eng\\
=010  \\$a   97047739
=020  \\$a188717866X (alk. paper)
=040  \\$aDLC$beng$cDLC$dDLC$dUk$erda
=042  \\$aukblsr
=043  \\$ae-sp---$ae-uk---
=050  00$aPR6052.A46$bC58 1998
=082  00$a823/.914$221
=100  1\$aBallard, J. G.$d1930-2009$eauthor.$1http://viaf.org/viaf/9842556$4http://rdaregistry.info/Elements/w/object/P10061
=240  10$aCocaine nights$1http://viaf.org/viaf/7815148574285124430000
=245  10$aCocaine nights /$cJ.G. Ballard.
=264  \1$aWashington, D.C. :$bCounterpoint,$c1998.
=300  \\$a328 pages ;$c23 cm
=336  \\$atext$2rdacontent$0http://rdaregistry.info/termList/RDAContentType/1020
=337  \\$aunmediated$2rdamedia$0http://rdaregistry.info/termList/RDAMediaType/1007
=338  \\$avolume$2rdacarrier$0http://rdaregistry.info/termList/RDACarrierType/1049
=380  \\$aFiction
=500  \\$aOriginally published: London : HarperCollinsPublishers. 1996.
=650  \0$aBritish$zSpain$xFiction.
=650  \0$aRetirees$xFiction.
=651  \0$aSpain$xFiction.
=655  \7$aDetective and mystery stories.$2gsafd

