=LDR  00636cam a22001933i 4500
=001  004462575
=003  FI-MELINDA
=005  20010626192931.0
=008  970425s1985\\\\xxk|||||||||||||||f|eng||
=020  \\$a0-586-04106-0
=041  0\$aeng
=100  0\$aBallard, J. G.$1http://viaf.org/viaf/9842556$4http://rdaregistry.info/Elements/w/object/P10061
=240  10$aConcrete Island$1http://viaf.org/viaf/174604532
=245  10$aConcrete island /$cJ. G. Ballard.
=260  \\$aLondon :$bTriad/Panther,$c1985.
=300  \\$a126 s
=336  \\$ateksti$btxt$2rdacontent$0http://rdaregistry.info/termList/RDAContentType/1020
=337  \\$akäytettävissä ilman laitetta$bn$2rdamedia$0http://rdaregistry.info/termList/RDAMediaType/1007
=338  \\$anide$bnc$2rdacarrier$0http://rdaregistry.info/termList/RDAContentType/1020
=380  \\$aSpråkbasert verk$1https://schema.nb.no/Bibliographic/Values/V1000

