=LDR  00962nam a2200241   4500
=001  Mimo0001795632
=003  SpMaBN
=005  20200515022740.6
=008  020715s2002\\\\sp\|\\\\\\\\\\|||\||spa\\
=016  7\$abimoBNE20020535182$2SpMaBN
=017  \\$aB 9456-2002$bOficina Depósito Legal Barcelona
=020  \\$a84-450-7322-2
=040  \\$aSpMaBN$bspa$cSpMaBN$erdc
=041  1\$aspa$heng
=080  \\$a821.111-92"19"
=100  1\$aBallard, J. G.$d1930-2009$0XX1721261$1http://viaf.org/viaf/9842556$4http://rdaregistry.info/Elements/w/object/P10061
=240  12$aA user's guide to the millennium$lEspañol$1http://www.wikidata.org/entity/Q4660390
=245  10$aGuía del usuario para el nuevo milenio$h[Texto impreso] :$bensayos y reseñas$cJ.G. Ballard ; [traducción de Octavio di Leo]
=250  \\$a1ª ed.
=260  \\$aBarcelona$bMinotauro$c2002
=300  \\$a319 pages$c24 cm
=336  \\$atext$btxt$2rdacontent$0http://rdaregistry.info/termList/RDAContentType/1020
=337  \\$aunmediated$bn$2rdamedia$0http://rdaregistry.info/termList/RDAMediaType/1007
=338  \\$avolume$bnc$2rdacarrier$0http://rdaregistry.info/termList/RDACarrierType/1049
=594  \\$aTraducción de: A user's guide to the millennium
=700  \\$aLeo, Octavio di$4trl

