=LDR  00659nam a2200193 a 4500
=001  011608067
=003  UkOxU
=005  19960606183131.0
=008  940919r19941991enk\\\\\\\\\\\000\1\eng\d
=015  \\$aGB 94-76532
=020  \\$a000654701X
=082  \\$a823.914$dF$220
=092  \\$aD0503171003
=100  1\$aBallard, J. G.$d1930-2009$1http://viaf.org/viaf/9842556$4http://rdaregistry.info/Elements/w/object/P10061
=240  10$aThe kindness of women$1http://viaf.org/viaf/8009153289944232770002
=245  14$aThe kindness of women /$cJ.G. Ballard
=260  \\$aLondon :$bFlamingo,$c1994
=300  \\$a348 p
=336  \\$atext$btxt$2rdacontent$0http://rdaregistry.info/termList/RDAContentType/1020
=337  \\$aunmediated$bn$2rdamedia$0http://rdaregistry.info/termList/RDAMediaType/1007
=338  \\$avolume$bnc$2rdacarrier$0http://rdaregistry.info/termList/RDACarrierType/1049
=380  \\$aFiction
=500  \\$aFirst published in Great Britain by HarperCollins, 1991

