=LDR  01792cam a22004097c 4500
=001  991305624914702201
=003  BIBSYS
=005  20210128110010.0
=007  ta
=008  150206s1972\\\\xx#|||||||||||000|||eng|c
=020  \\$a0425021750$qh.
=040  \\$aNO-TrBIB$bnob$ekatreg
=245  00$aThe ruins of the earth :$b16 stories of the future$cedited by Thomas M. Disch
=260  \\$aNew York$bBerkley publishing corp.$c1972
=300  \\$a287 s.
=336  \\$atekst$0http://rdaregistry.info/termList/RDAContentType/1020
=337  \\$auformidlet$0http://rdaregistry.info/termList/RDAMediaType/1007
=338  \\$abind$0http://rdaregistry.info/termList/RDACarrierType/1049
=380  \\$aSpråkbasert verk$1https://schema.nb.no/Bibliographic/Values/V1000
=655  \7$aScience fiction$2noubonm
=700  1\$aBallard, J.G.$d1930-2009$4ctb$0(NO-TrBIB)90199005$4ctb$1http://viaf.org/viaf/9842556
=700  1\$aBrownstein, Michael$4ctb$0(NO-TrBIB)13006945
=700  1\$aDick, Philip K.$d1928-1982$4ctb$0(NO-TrBIB)90067806$1http://viaf.org/viaf/27063583
=700  1\$aDisch, Thomas M.$4edt$4edc$0(NO-TrBIB)90705277$1http://viaf.org/viaf/51688624
=700  1\$aDu Maurier, Daphne$d1907-1989$4ctb$0(NO-TrBIB)90070402
=700  1\$aEffinger, Geo. Alec$4ctb$0(NO-TrBIB)13006944
=700  1\$aElmslie, Kenward$4ctb$0(NO-TrBIB)1028534
=700  1\$aHarrison, Harry$d1925-2012$4ctb$0(NO-TrBIB)90125333
=700  1\$aHouston, James D.$4ctb$0(NO-TrBIB)90635408
=700  1\$aJonas, Gerald$4ctb$0(NO-TrBIB)7079141
=700  1\$aKagan, Norman$4ctb$0(NO-TrBIB)90161779
=700  1\$aLafferty, R. A.$4ctb$0(NO-TrBIB)99006126
=700  1\$aLeiber, Fritz$d1910-1992$4ctb$0(NO-TrBIB)90705550
=700  1\$aMundis, Jerrod J.$4ctb$0(NO-TrBIB)13006943
=700  1\$aRush, Norman$4ctb$0(NO-TrBIB)90721345
=700  1\$aVonnegut, Kurt jr.$4ctb$0(NO-TrBIB)10062183
=700  1\$aWolfe, Gene$4ctb$0(NO-TrBIB)97049116

