=LDR  01526nam a2200325 i 4500
=001  bimo0000013497
=003  SpMaBN
=005  20121126091907.2
=008  880329s1986\\\\sp\\\\\\\\\\\\\\\\\\spa\\
=015  \\$a1988-JUN-10290
=016  7\$abimoBNE19910136404$zSAB9000015758$2SpMaBN
=017  \\$aB 21450-1986$bOficina Depósito Legal Barcelona
=020  \\$a84-7634-664-6
=040  \\$aSpMaBN$bspa$cSpMaBN$erdc
=080  \\$a820-32"19"
=245  13$aEl paisaje interior$h[Texto impreso]$cMervyn Peake, J.G. Ballard, Brian W. Aldiss ; [traducción, Marta Muñiz Moreno]
=260  \\$aBarcelona$bOrbis$cD.L. 1986
=300  \\$a160 pages$c20 cm
=336  \\$atekst$0http://rdaregistry.info/termList/RDAContentType/1020
=337  \\$auformidlet$0http://rdaregistry.info/termList/RDAMediaType/1007
=338  \\$abind$0http://rdaregistry.info/termList/RDACarrierType/1049
=380  \\$aSpråkbasert verk$1https://schema.nb.no/Bibliographic/Values/V1000
=440  \0$aBiblioteca de ciencia ficción$v71
=500  \\$aTraducción de: The inner landscape
=505  0\$aNiño en tinieblas / Mervyn Peake. Las voces del tiempo / J.G. Ballard. Peligro, ¡Religión! / Brian W. Aldiss
=700  1\$aMuñiz Moreno, Marta$4trl$1http://viaf.org/viaf/87810800
=700  12$aAldiss, Brian W.$d1925-$tDanger, Religion!$1http://viaf.org/viaf/183421260
=700  12$aBallard, J. G.$d1930-2009$tThe voices of time$1http://viaf.org/viaf/311471559
=700  12$aPeake, Mervyn Laurence$d1911-1968$tBoy in darkness$1http://viaf.org/viaf/309308512

