=LDR  01704cam a22003617a 4500
=001  2bxzljl40f7dm1c9
=003  SE-LIBR
=005  20190416154611.0
=008  190308s2013\\\\xxu|||||||||||000\1|eng|\
=020  \\$a0871403625$q(pbk. ed.)
=020  \\$a9780871403629$q(pbk. ed.)
=040  \\$aLnuV$beng$cWSN$ea
=041  \\$aeng
=050  \4$aPR6052.A46
=082  04$a823/.914$223
=084  \\$aHe.01$2kssb/8
=100  1\$aBallard, J. G.$d1930-2009$4aut$0https://libris.kb.se/dbqssg6x38zr5cn#it$1http://viaf.org/viaf/9842556$4http://rdaregistry.info/Elements/w/object/P10061
=240  10$aThe drownd world$1http://viaf.org/viaf/309277534
=245  14$aThe drowned world /$cJ. G. Ballard ; introduction by Martin Amis.
=250  \\$a[Pbk. ed.].
=264  \1$aNew York :$bLiveright Publishing Corporation, a division of W. W. Norton and Company,$c2013, ©1962
=264  \4$c©1962, ©1990
=300  \\$a198 pages$c22 cm
=336  \\$atext$btxt$2rdacontent$0http://rdaregistry.info/termList/RDAContentType/1020
=337  \\$aunmediated$bn$2rdamedia$0http://rdaregistry.info/termList/RDAMediaType/1007
=338  \\$avolume$bnc$2rdacarrier$0http://rdaregistry.info/termList/RDACarrierType/1049
=380  \\$aFiction
=500  \\$aIncludes a brief biography of the author.
=500  \\$aIntroduction by Matin Amis.
=520  \\$a"The Drowned World imagines a terrifying world in which global warming has melted the ice caps and primordial jungles have overrun a tropical London. Set during the year 2145, this novel follows biologist Dr. Robert Kearns and his team of scientists as they confront a cityscape in which nature is on the rampage and giant lizards, dragonflies, and insects fiercely compete for domination."--Provided by publisher.
=650  \0$aGlobal warming$vFiction.
=655  \7$aFiction.$2fast
=655  \7$aScience fiction.$2gsafd
=700  1\$aAmis, Martin,$d1949-$4aui

