=LDR  01416pam a2200349 cc4500
=001  982550669
=003  DE-101
=005  20171202021849.0
=007  tu
=008  070104s2007\\\\gw\|||||\||||\00||||ger\\
=015  \\$a07,A47,1474$z07,N06,1922$2dnb
=016  7\$2DE-101$a982550669
=020  \\$a345352277X$ckart. : EUR 11.95 (DE), EUR 11.30 (AT), sfr 19.80$93-453-52277-X
=020  \\$a9783453522770$ckart. : EUR 11.95 (DE), EUR 11.30 (AT), sfr 19.80$9978-3-453-52277-0
=024  3\$a9783453522770
=040  \\$a1245$bger$cDE-101$d9999
=041  \\$ager$heng
=044  \\$cXA-DE-BY
=082  74$a820$aB$qDE-101$222sdnb
=090  \\$ab
=100  1\$0(DE-588)118656929$0https://d-nb.info/gnd/118656929$0(DE-101)118656929$aBallard, J. G.$d1930-2009$eVerfasser$4aut$2gnd$1http://viaf.org/viaf/9842556$4http://rdaregistry.info/Elements/w/object/P10061
=245  10$aGesammelte Erzählungen$n[2].$pVom Leben und Tod Gottes / [dt. Übers. von Charlotte Franke ...]$cJ. G. Ballard. [Bearb. der Übers.: Angela Herrmann und Hannes Riffel]
=250  \\$aVollst. überarb. Neuausg.
=259  \\$avouen
=264  31$aMünchen$bHeyne$c2007
=300  \\$a1131 S.
=336  \\$aText$btxt$2rdacontent$0http://rdaregistry.info/termList/RDAContentType/1020
=337  \\$aohne Hilfsmittel zu benutzen$bn$2rdamedia$0http://rdaregistry.info/termList/RDAMediaType/1007
=338  \\$aBand$bnc$2rdacarrier$0http://rdaregistry.info/termList/RDACarrierType/1049
=653  \\$a(VLB-PF)BC: Paperback
=653  \\$a(VLB-WN)2131: TB/Belletristik/Science Fiction
=700  1\$0https://d-nb.info/gnd/1204277397$aHerrmann, Angela$eMitwirkender$4trl$1https://d-nb.info/gnd/1204277397
=700  1\$aRiffel, Hannes$eMitwirkender$4trl$1http://viaf.org/viaf/37634899
=773  08$q12$w(DE-101)984138587

