=LDR  00981nam a2200277 c 4500
=001  a5282991
=003  SpMaBN
=005  20191220023011.6
=008  121113s2012\\\\sp\\\\\|\||||\000\f\spa\\
=015  \\$aMON12
=017  \\$aB 23784-2012$bOficina Depósito Legal Barcelona
=020  \\$a978-84-90063-972
=040  \\$aSpMaBN$bspa$cSpMaBN$erdc
=041  1\$aspa$heng
=080  \\$a821.111-31"19"
=100  1\$aBallard, J. G.$d1930-2009$0XX1721261$1http://viaf.org/viaf/9842556$4http://rdaregistry.info/Elements/w/object/P10061
=240  10$aConcrete island$lEspañol$1http://viaf.org/viaf/174604532
=245  13$aLa isla de hormigón$cJ.G. Ballard ; traducción de Manuel Manzano
=250  \\$a1ª ed. en esta colección
=260  \\$aBarcelona$bRBA$c2012
=300  \\$a171 pages$c22 cm
=336  \\$aTexto (visual)$2isbdcontent$0http://rdaregistry.info/termList/RDAContentType/1020
=337  \\$asin mediación$2isbdmedia$0http://rdaregistry.info/termList/RDAMediaType/1007
=380  \\$aNovel
=490  0\$aLiteratura fantástica$v5
=594  \\$aTítulo original: Concrete island
=700  1\$aManzano, Manuel$d1965-$4trl

