=LDR  01656nam a22003618i 4500
=001  999920983216002201
=003  BIBSYS
=005  20200127134257.0
=006  m|||||o||d||||||||
=007  cr||||||||||||
=008  191030s1998||||enk\\\\\o\\\\\||1\0|eng|d
=020  \\$a1-78694-681-5
=040  \\$aUkCbUP$beng$erda$cUkCbUP
=050  00$aPR6052.A46$bZ54 1998
=082  00$a823/.914$223
=100  1\$aDelville, Michel,$d1969-$eauthor.$1http://viaf.org/viaf/64159049$4http://rdaregistry.info/Elements/w/object/P10061
=240  \\$aJ.G.Ballard$1http://viaf.org/viaf/64159049/jgballard
=245  10$aJ.G. Ballard /$cMichel Delville.$h[electronic resource]
=264  \1$aPlymouth :$bNorthcote House Publishers,$c1998.
=300  \\$a1 online resource (x, 102 pages) :$bdigital, PDF file(s).
=336  \\$atext$btxt$2rdacontent$0http://rdaregistry.info/termList/RDAContentType/1020
=337  \\$acomputer$bc$2rdamedia$0http://rdaregistry.info/termList/RDAMediaType/1003
=338  \\$aonline resource$bcr$2rdacarrier$0http://rdaregistry.info/termList/RDACarrierType/1018
=336  \\$atekst$0http://rdaregistry.info/termList/RDAContentType/1020
=337  \\$adatamaskin$0http://rdaregistry.info/termList/RDAMediaType/1003
=338  \\$aonline ressurs$0http://rdaregistry.info/termList/RDACarrierType/1018
=347  \\$adata file$2rda
=380  \\$aSpråkbasert verk$1https://schema.nb.no/Bibliographic/Values/V1000
=490  1\$aWriters and their work
=500  \\$aTitle from publisher's bibliographic system (viewed on 15 Jan 2020).
=520  \\$aThis study offers an informed analysis of J.G. Ballard's achievements as a fiction writer and a commentator on contemporary culture.
=600  10$aBallard, J. G.$d1930-2009$xCriticism and interpretation.$1http://viaf.org/viaf/9842556
=776  \\$z0-7463-0867-1
=830  \0$aWriters and their work.

