=LDR  01202cam a22003017c 4500
=001  991401124804702201
=003  BIBSYS
=005  20150206120624.0
=007  ta
=008  150206s1966\\\\xx#|||||||||||000|f|eng|d
=020  \\$a0330024655$qh.
=040  \\$aNO-TrBIB$bnob$ekatreg
=245  00$aWindow on the future$cedited by Douglas Hill
=260  \\$aLondon$bPan Books$c1966
=300  \\$a158 s.
=336  \\$atekst$0http://rdaregistry.info/termList/RDAContentType/1020
=337  \\$auformidlet$0http://rdaregistry.info/termList/RDAMediaType/1007
=338  \\$abind$0http://rdaregistry.info/termList/RDACarrierType/1049
=380  \\$aSpråkbasert verk$1https://schema.nb.no/Bibliographic/Values/V1000
=653  \\$afantasy$ascience$afiction
=700  1\$aAldiss, Brian W.$d1925-$4ctb$0(NO-TrBIB)90056060$1http://viaf.org/viaf/2465493
=700  1\$aAlexander, David$4cb$0(NO-TrBIB)90127249$4ctb$1http://viaf.org/viaf/66475206
=700  1\$aBallard, J.G.$d1930-2009$4ctb$0(NO-TrBIB)90199005$4ctb$1http://viaf.org/viaf/9842556
=700  1\$aBrunner, John$d1934-1995$0(NO-TrBIB)90763497$4ctb$1http://viaf.org/viaf/103212466
=700  1\$aHill, Douglas$4edt$0(NO-TrBIB)90844817$4edt$4edc$1http://viaf.org/viaf/102014804
=700  1\$aHillman, Martin.$4ctb$0(NO-TrBIB)14004306$4ctb$1http://viaf.org/viaf/755149068352865730003
=700  1\$aSellings, Arthur.$4ctb$0(NO-TrBIB)12061623$4ctb$1http://viaf.org/viaf/78470190
=700  1\$aTubb, E. C..$4ctb$0(NO-TrBIB)90916487$4ctb$1http://viaf.org/viaf/295452826

