=LDR  01235cam a22002894i 4500
=001  007165442
=003  FI-MELINDA
=005  20190704090020.0
=008  040218s2008\\\\xxk||||||||||\||||0aeng|c
=020  \\$a978-0-00-727234-1$qnidottu
=041  0\$aeng
=084  \\$a86.5$2ykl
=100  1\$aBallard, J. G.$1http://viaf.org/viaf/9842556$4http://rdaregistry.info/Elements/w/object/P10061
=240  10$aMiracles of life$1http://www.wikidata.org/entity/Q6872514
=245  10$aMiracles of life :$bShanghai to Shepperton : an autobiography /$cJ. G. Ballard.
=260  \\$aLondon :$bHarperPerennial,$c2008.
=300  \\$a278 s. ;$c20 cm
=336  \\$ateksti$btxt$2rdacontent$0http://rdaregistry.info/termList/RDAContentType/1020
=337  \\$akäytettävissä ilman laitetta$bn$2rdamedia$0http://rdaregistry.info/termList/RDAMediaType/1007
=338  \\$anide$bnc$2rdacarrier$0http://rdaregistry.info/termList/RDAContentType/1020
=380  \\$aSpråkbasert verk$1https://schema.nb.no/Bibliographic/Values/V1000
=600  14$aBallard, J. G.$1http://viaf.org/viaf/9842556
=650  \7$aförfattare$2yso/swe$0http://www.yso.fi/onto/yso/p8970
=650  \7$akirjailijat$2yso/fin$0http://www.yso.fi/onto/yso/p8970
=650  \7$amemoarer$2yso/swe$0http://www.yso.fi/onto/yso/p8111
=650  \7$amuistelmat$2yso/fin$0http://www.yso.fi/onto/yso/p8111
=651  \7$aIso-Britannia$2yso/fin$0http://www.yso.fi/onto/yso/p104990
=651  \7$aStorbritannien$2yso/swe$0http://www.yso.fi/onto/yso/p104990

