=LDR  01010cam a2200277 i 4500
=001  016659433
=003  Uk
=005  20140407134745.0
=008  960105s1996\\\\nyu\\\\\\o\\\|0|1\0|eng\\
=010  \\$a   96000062
=020  \\$a0312144407 (trade cloth)
=040  \\$aDLC$beng$cDLC$dDLC$dUk$erda
=042  \\$aukblsr
=050  00$aPR6052.A46$bA16 1996
=082  04$a824/.914$220
=100  1\$aBallard, J. G.$d1930-2009$eauthor.$1http://viaf.org/viaf/9842556$4http://rdaregistry.info/Elements/w/object/P10061
=240  10$aA user's guide to the millennium$1http://www.wikidata.org/entity/Q4660390
=245  12$aA user's guide to the millennium :$bessays and reviews /$cJ.G. Ballard.
=250  \\$aFirst Picador USA edition.
=264  \1$aNew York :$bPicador USA,$cMay 1996.
=300  \\$a304 pages ;$c22 cm
=336  \\$atext$2rdacontent$0http://rdaregistry.info/termList/RDAContentType/1020
=337  \\$aunmediated$2rdamedia$0http://rdaregistry.info/termList/RDAMediaType/1007
=338  \\$avolume$2rdacarrier$0http://rdaregistry.info/termList/RDACarrierType/1049
=380  \\$aReview
=500  \\$aIncludes index.
=500  \\$aOriginally published: Great Britain : HarperCollinsPublishers. 1996.

