=LDR  00952nam a2200265   4500
=001  bimo0002023740
=003  SpMaBN
=005  20200515020605.6
=008  050517s2005\\\\sp\|\\\\\\\\\\|||\||spa\\
=016  7\$abimoBNE20050295994$2SpMaBN
=017  \\$aB 8309-2005$bOficina Depósito Legal Barcelona
=020  \\$a84-450-7558-6
=040  \\$aSpMaBN$bspa$cSpMaBN$erdc
=041  1\$aspa$heng
=080  \\$a821.111-31"19"
=100  1\$aBallard, J. G.$d1930-2009$0XX1721261$1http://viaf.org/viaf/9842556$4http://rdaregistry.info/Elements/w/object/P10061
=240  10$aRunning Wild$1http://viaf.org/viaf/481153289950332770009
=245  10$aFuria feroz$h[Texto impreso]$cJ.G. Ballard ; [traducción de Marcial Souto]
=250  \\$a1ª ed. en Colección Booket
=260  \\$aBarcelona$bBooket$c2005
=300  \\$a140 pages$c18 cm
=336  \\$atext$btxt$2rdacontent$0http://rdaregistry.info/termList/RDAContentType/1020
=337  \\$aunmediated$bn$2rdamedia$0http://rdaregistry.info/termList/RDAMediaType/1007
=338  \\$avolume$bnc$2rdacarrier$0http://rdaregistry.info/termList/RDACarrierType/1049
=490  1\$aNovela$v2181
=594  \\$aTraducción de: Running wild
=596  \\$a"Minotauro"
=700  \\$aSouto, Marcial$4trl$1https://isni.org/isni/0000000119351140
=830  \0$aNovela (Booket (Editorial))$v2181

