=LDR  02001cam a22003017a 4500
=001  12064432
=003  SE-LIBR
=005  20101222091206.0
=008  101222s2010\\\\enk\\\\er\\\\\000\f\eng\c
=020  \\$a0-434-02104-0 (hbk)
=020  \\$a0-434-02105-9 (pbk)
=020  \\$a978-0-434-02104-8 (hbk)
=020  \\$a978-0-434-02105-5 (pbk)
=040  \\$aAU@$beng$cAU@$dGbg
=082  04$a813.6$222
=084  \\$aHe.01$2kssb/8
=100  1\$aCoupland, Douglas.$1http://viaf.org/viaf/84536439$4http://rdaregistry.info/Elements/w/object/P10061
=240  \\$aPlayer One$1http://viaf.org/viaf/4283154260563724480007
=245  10$aPlayer One :$bwhat is to become of us; a novel in five hours /$cby Douglas Coupland
=260  \\$aLondon :$bWilliam Heinemann,$c2010
=300  \\$a246 pages ;$c22 cm.
=336  \\$atekst$0http://rdaregistry.info/termList/RDAContentType/1020
=337  \\$auformidlet$0http://rdaregistry.info/termList/RDAMediaType/1007
=338  \\$abind$0http://rdaregistry.info/termList/RDACarrierType/1049
=380  \\$aSpråkbasert verk$1https://schema.nb.no/Bibliographic/Values/V1000
=520  \\$aThis is a real-time five-hour story set in an airport cocktail lounge during a global disaster. Five disparate people are trapped inside: Karen, a single mother waiting for her online date; Rick, the down-on-his-luck airport lounge bartender; Luke, a pastor on the run; Rachel, a cool Hitchcock blonde incapable of true human contact; and finally a mysterious voice known as Player One. Slowly, each reveals the truth about themselves while the world as they know it comes to an end. In the tradition of Kurt Vonnegut and J.G. Ballard, Coupland explores the modern crises of time, human identity, society, religion and the afterlife. The book asks as many questions as it answers and readers will leave the story with no doubt that we are in a new phase of existence as a species o and that there is no turning back.
=650  \0$aBars (Drinking establishments)$vFiction
=650  \0$aDisasters$vFiction

