=LDR  01636 am a2200373ui 4500
=001  006742115
=003  UK
=005  20160601115100.0
=008  761113s1976\\\\enkac\\\|\\\\\001\|\eng\\
=015  \\$aGB7633565$2bnb
=019  1\$a090522003x
=020  \\$a090522003X :$c£3.75
=020  \\$a0905220048
=040  \\$aUk$cUk
=050  00$aPR6052.A46Z/
=082  04$a823/.9/14$218
=082  04$a823/.914$219
=130  00$aJ.G. Ballard, the first twenty years$1http://viaf.org/viaf/9408966/jgballard
=245  00$aJ.G. Ballard, the first twenty years /$cedited and compiled by James Goddard & David Pringle ; with illustrations by Carol Gregory.
=260  \\$aHayes (91 Wimborne Ave., Hayes, Middlesex) :$bBran's Head Books Ltd,$c1976.
=300  \\$a[10],76,[24]p. :$billustrations, 1port. ;$c22cm.
=336  \\$atext$2rdacontent$0http://rdaregistry.info/termList/RDAContentType/1020
=337  \\$aunmediated$2rdamedia$0http://rdaregistry.info/termList/RDAMediaType/1007
=338  \\$avolume$2rdacarrier$0http://rdaregistry.info/termList/RDACarrierType/1049
=504  \\$aIncludes bibliographies and index.
=505  0\$aIncludes: 'An interview with J.G. Ballard'.
=600  10$aBallard, J. G.$d1930-2009$xCriticism and interpretation.$1http://viaf.org/viaf/9842556
=650  \0$aScience fiction, English$xBibliography.
=650  \0$aScience fiction, English$xHistory and criticism.
=653  \\$aFiction in English$aBallard, J$aG$a(James Graham)$a1930-
=700  1\$aBallard, J. G.$d1930-2009$4att$4ive$1http://viaf.org/viaf/9842556$4http://rdaregistry.info/Elements/w/object/P10059
=700  1\$aGoddard, James.$4edt$4edc$1http://viaf.org/viaf/9408966
=700  1\$aGregory, Carol.$4ill$1http://viaf.org/viaf/296601530
=700  1\$aPringle, David,$d1950-$4edt$4edc$1http://viaf.org/viaf/22226089

