=LDR  00877cam a22002177c 4500
=001  991421409374702201
=003  BIBSYS
=005  20150206120624.0
=007  ta
=008  150206s1989\\\\xx#|||||||||||000|f|eng|d
=020  \\$a0099634104$qh.
=040  \\$aNO-TrBIB$bnob$ekatreg
=100  1\$aBallard, J.G.$d1930-2009$0(NO-TrBIB)90199005$1http://viaf.org/viaf/9842556$4http://rdaregistry.info/Elements/w/object/P10061
=240  10$aRunning Wild$1http://viaf.org/viaf/481153289950332770009
=245  10$aRunning wild$cJ. G. Ballard
=260  \\$aLondon$bArrow Books$c1989
=300  \\$a87 s.
=336  \\$atekst$0http://rdaregistry.info/termList/RDAContentType/1020
=337  \\$auformidlet$0http://rdaregistry.info/termList/RDAMediaType/1007
=338  \\$abind$0http://rdaregistry.info/termList/RDACarrierType/1049
=380  \\$aSpråkbasert verk$1https://schema.nb.no/Bibliographic/Values/V1000

