=LDR  02351nim a2200553uc 4500
=001  1189747073
=003  DE-101
=005  20190703223237.0
=007  cr||||||||||||
=007  s|||||||||||||
=008  190703s2011\\\\gw\|||||o|||||||||||ger\\
=015  \\$a19,O08$2dnb
=016  7\$2DE-101$a1189747073
=020  \\$a9783941998285$9978-3-941998-28-5
=024  3\$a9783941998285
=024  7\$2urn$aurn:nbn:de:101:1-2019070310013071423580
=040  \\$a1140$bger$cDE-101$d9999
=041  \\$ager
=044  \\$cXA-DE-BE
=100  1\$aPlamper, Paul$eVerfasser$4aut$1http://viaf.org/viaf/72276058$4http://rdaregistry.info/Elements/w/object/P10061
=240  \\$aHochhaus$1http://viaf.org/viaf/72276058/hochhaus
=245  10$aHochhaus$cPaul Plamper, J.G. Ballard
=250  \\$aProduktion des WDR 2006
=259  \\$a42006
=264  \1$aBerlin$bHoerspielpark$c2011
=300  \\$aOnline-Ressource
=336  \\$agesprochenes Wort$bspw$2rdacontent$0http://rdaregistry.info/termList/RDAContentType/1013
=337  \\$aComputermedien$bc$2rdamedia$0http://rdaregistry.info/termList/RDAMediaType/1003
=338  \\$aOnline-Ressource$bcr$2rdacarrier$0http://rdaregistry.info/termList/RDACarrierType/1018
=336  \\$atale$0http://rdaregistry.info/termList/RDAContentType/1013
=337  \\$alydmedier$0http://rdaregistry.info/termList/RDAMediaType/1001
=338  \\$aonline ressurs$0http://rdaregistry.info/termList/RDACarrierType/1018
=344  \\$adigital$2rda
=347  \\$adata file$2rda
=380  \\$aFremføringsverk$1https://schema.nb.no/Bibliographic/Values/V1009
=583  1\$aArchivierung/Langzeitarchivierung gewährleistet$5DE-101$2pdager
=653  \\$a(Produktform (spezifisch))WAV format
=653  \\$a(Produktform)Downloadable audio file
=700  1\$aBroich, Margarita$eErzähler$4nrt
=700  1\$aHaseney, Tina$eErzähler$4nrt
=700  1\$aKönig, Cristin$eErzähler$4nrt
=700  1\$aMinichmayr, Birgit$eErzähler$4nrt
=700  1\$aPeschel, Milan$eErzähler$4nrt
=700  1\$aRudolph, Lars$eErzähler$4nrt
=700  1\$aSpengler, Volker$eErzähler$4nrt
=700  1\$aTM, Schneider$eKomponist$4cmp
=700  1\$aWuttke, Martin$eErzähler$4nrt
=758  \\$aHigh-rise$1http://viaf.org/viaf/308016990$4http://rdaregistry.info/Elements/w/object/P10142
=856  \0$uhttps://d-nb.info/1189747073/34$xLangzeitarchivierung Nationalbibliothek
=856  4\$qwav$uhttp://www.hoerspielpark.de/website/titel/hochhaus-teil-1$xVerlag
=856  40$uhttps://nbn-resolving.org/urn:nbn:de:101:1-2019070310013071423580$xResolving-System

