=LDR  04257cam a22005053a 4500
=001  12518426
=003  SE-LIBR
=005  20130813183501.0
=007  cr\|||\\\|||||\\\\\\\\\
=008  120131s2009\\\\xxk|||||o|||||000\e|eng|d
=020  \\$a0230594727$c£57.50
=020  \\$a9780230594722$c£57.50
=020  \\$z9780230202955 (Print)
=040  \\$aUK-WkNB$beng$cUK-WkNB$ea
=041  \\$aeng
=072  \7$aDNF$2bicssc
=072  \7$aHBJD$2bicssc
=072  \7$aHBWQ$2bicssc
=072  \7$aHIS$2eflch
=072  \7$aJFC$2bicssc
=100  1\$aCrosthwaite, Paul,$d1980-$1http://viaf.org/viaf/85978105$4http://rdaregistry.info/Elements/w/object/P10061
=240  \\$aTrauma, postmodernism and the aftermath of World War II$1http://viaf.org/viaf/85978105/trauma
=245  10$aTrauma, postmodernism and the aftermath of World War II$h[Elektronisk resurs] /$cPaul Crosthwaite.
=264  \1$aBasingstoke :$bPalgrave Macmillan,$c2009
=300  \\$a240 pages.
=336  \\$atekst$0http://rdaregistry.info/termList/RDAContentType/1020
=337  \\$adatamaskin$0http://rdaregistry.info/termList/RDAMediaType/1003
=338  \\$aonline ressurs$0http://rdaregistry.info/termList/RDACarrierType/1018
=347  \\$adata file$2rda
=380  \\$aSpråkbasert verk$1https://schema.nb.no/Bibliographic/Values/V1000
=365  \\$a02$b57.50$cGBP$d00$hS 50.00 15.0 57.50 7.50$jGB$kxxk$mPalgrave Macmillan$2onix-pt
=366  \\$b20090129$cIP 20090826$jGB$kxxk$mPalgrave Macmillan$2UK-WkNB
=500  \\$aEbook.
=500  \\$aOriginally published in: 2009.
=505  8\$aIntroduction War, Trauma, Postmodernism Gravity's Rainbow and Traumatic Models of History 'A Secret Code of Pain and Memory': Traumatic Repetition in the Fiction of J.G. Ballard Total War and the English Stream-of-Consciousness Novel: From Mrs Dalloway to Mother London Their Fathers' War: Negotiating the Legacy of World War II in Prisoner's Dilemma and Atonement Conclusion: Writing/Reading World War II After 9/11 Bibliography Index.
=516  \\$aDocument
=520  \\$aThe first sustained study of the relationship between Anglo-American postmodernist fiction and the Second World War, Crosthwaite demonstrates that postmodernism has not abandoned history but has rather reformulated it in terms of trauma that is traceable, time and again, to the catastrophes of the 1940s.$bThe radical, 'postmodernist' waves of experimentation that swept Anglo-American fiction from the late 1960s constitute a delayed response to the upheavals of the Second World War, yet the legacy of the war barely figures in prevalent accounts of the postmodernist movement. As Paul Crosthwaite shows in this provocative book, to recognize the significance of the war in contemporary culture is to acknowledge that postmodernism, as a sensibility, aesthetic style, and mode of thought, must be entirely reconceived. Challenging dominant theorizations of the postmodern as depthless and dehistoricized, Crosthwaite demonstrates that postmodernism has not abandoned history but has rather reformulated it in terms of trauma, trauma that is traceable, time and again, to the catastrophes of the 1940s. The book stages a revealing confrontation between influential theories of trauma and postmodernism and offers innovative close readings of key texts by Virginia Woolf, Thomas Pynchon, Michael Moorcock, J.G. Ballard, Richard Powers and Ian McEwan.
=520  1\$a'Written with elan, clarity and confidence, this book is at the cutting edge of "second generation" postmodernism: ethically serious, historically aware, theoretically and critically informed. In this outstanding piece of literary research, Crosthwaite has found a way of articulating both a vital influence on contemporary culture and an important historical debt.' -- Professor Robert Eaglestone, Royal Holloway, University of London, UK; author of The Holocaust and the Postmodern.
=538  \\$aAdobe Ebook Reader.
=545  0\$aPAUL CROSTHWAITE is Lecturer in English at Cardiff University, UK.
=650  \7$aCultural studies.$2bicssc
=650  \7$aEuropean history.$2bicssc
=650  \7$aHistory.$2eflch
=650  \7$aLiterary essays.$2bicssc
=650  \7$aSecond World War.$2bicssc
=856  42$uhttp://dx.doi.org/10.1057/9780230594722$x856other$zTable of Contents / Abstracts

