=LDR  00890cam a22002177a 4500
=001  12497278
=003  SE-LIBR
=005  20120224124337.0
=008  120123s2011\\\\enka\\\\\b\\\\001\0beng\c
=020  \\$a0-297-86352-5
=020  \\$a978-0-297-86352-6
=040  \\$aYDXCP$cYDXCP$dUKMGB$dCDX$dNIC$dG
=050  \4$aPR6052.A46$bZ56 2011
=082  04$a823.914$222
=100  1\$aBaxter, John,$d1939-$0259991$1http://viaf.org/viaf/114972993$4http://rdaregistry.info/Elements/w/object/P10061
=240  \\$aThe inner man : the life of J.G. Ballard$1http://viaf.org/viaf/114972993/theinnerman
=245  04$aThe inner man :$bthe life of J.G. Ballard /$cJohn Baxter
=260  \\$aLondon :$bWeidenfeld and Nicolson,$c2011
=300  \\$a377 pages, [16] pages of plates :$billustrations (some color) ;$c24 cm.
=336  \\$atext$btxt$2rdacontent$0http://rdaregistry.info/termList/RDAContentType/1020
=337  \\$aunmediated$bn$2rdamedia$0http://rdaregistry.info/termList/RDAMediaType/1007
=338  \\$avolume$bnc$2rdacarrier$0http://rdaregistry.info/termList/RDACarrierType/1049
=600  10$aBallard, J. G.$d1930-2009$1http://viaf.org/viaf/9842556
=650  \0$aNovelists, English$y20th century$vBiography.

