=LDR  01863cam a22004337c 4500
=001  991345119214702201
=003  BIBSYS
=005  20220112090836.0
=007  ta
=008  150206s1970\\\\xx\|||||||||||000|||eng|d
=020  \\$a0583118089$qh.
=040  \\$aNO-TrBIB$bnob$ekatreg
=245  00$aSF the best of the best :$bPart two$cEdited by Judith Merril
=260  \\$aLondon$bMayflower$c1970
=300  \\$a221 s.
=336  \\$atekst$0http://rdaregistry.info/termList/RDAContentType/1020
=337  \\$auformidlet$0http://rdaregistry.info/termList/RDAMediaType/1007
=338  \\$abind$0http://rdaregistry.info/termList/RDACarrierType/1049
=380  \\$aSpråkbasert verk$1https://schema.nb.no/Bibliographic/Values/V1000
=490  1\$aSF the best of the best$v2
=655  \7$ascience fiction$2noubonm
=700  1\$aAldiss, Brian W.$d1925-$4ctb$0(NO-TrBIB)90056060$1http://viaf.org/viaf/2465493
=700  1\$aAllen, Steve.$0(NO-TrBIB)11017809$4ctb
=700  1\$aAsimov, Isaac$d1920-1992$0(NO-TrBIB)90104376$4ctb$1http://viaf.org/viaf/24597135
=700  1\$aBallard, J.G.$d1930-2009$0(NO-TrBIB)90199005$4ctb$1http://viaf.org/viaf/9842556
=700  1\$aBryam, George$0(NO-TrBIB)13071823$4ctb
=700  1\$aBudrys, Algis$d1931-$0(NO-TrBIB)12064560$4ctb$1http://viaf.org/viaf/93054017
=700  1\$aClifton, Mark.$0(NO-TrBIB)90246771$4ctb
=700  1\$aCogswell, Theodore R.$0(NO-TrBIB)13002069$4ctb
=700  1\$aDavidson, Avram.$0(NO-TrBIB)13000919$4ctb
=700  1\$aEmshwiller, Carol$d1921-$0(NO-TrBIB)13020578$4ctb
=700  1\$aGehman, Richard.$0(NO-TrBIB)13071822$4ctb
=700  1\$aJackson, Shirley$d1916-1965$0(NO-TrBIB)1533887371795$4ctb
=700  1\$aKnight, Damon.$0(NO-TrBIB)90762006$4ctb
=700  1\$aLeiber, Fritz$d1910-1992$0(NO-TrBIB)90705550$4ctb
=700  1\$aMerril, Judith.$4edt$4edc$0(NO-TrBIB)8036947$1http://viaf.org/viaf/84170355
=700  1\$aSheckley, Robert.$0(NO-TrBIB)90222749$4ctb
=700  1\$aWorthington, Will.$0(NO-TrBIB)13071824$4ctb
=830  \0$aSF the best of the best$v2

