=LDR  01414nam a2200313 c 4500
=001  760395454
=003  DE-101
=005  20171202014754.0
=007  tu
=008  761015s1976\\\\gw\|||||\||||\00||||ger\\
=015  \\$a76,A50,0327$2dnb
=016  7\$2DE-101$a760395454
=020  \\$a3453303997$ckart. : DM 4.80$93-453-30399-7
=020  \\$a9783453303997$ckart. : DM 4.80$9978-3-453-30399-7
=040  \\$a1200$bger$cDE-101$d9999
=041  \\$ager
=044  \\$cXA-DE
=084  \\$a59$a810$a820$a830$a839$a840$a850$a860$a870$a880$a890$aB$qDE-101$2sdnb
=100  1\$0(DE-588)118656929$0https://d-nb.info/gnd/118656929$0(DE-101)118656929$aBallard, J. G.$d1930-2009$eVerfasser$4aut$2gnd$1http://viaf.org/viaf/9842556$4http://rdaregistry.info/Elements/w/object/P10061
=245  10$aDer vierdimensionale Alptraum$bScience-fiction-Erzählungen$cJ. G. Ballard. [Dt. Übers. von Wolfgang Eisermann]
=264  \1$aMünchen$bHeyne$c1976
=300  \\$a222 S.$c18 cm
=336  \\$aText$btxt$2rdacontent$0http://rdaregistry.info/termList/RDAContentType/1020
=337  \\$aohne Hilfsmittel zu benutzen$bn$2rdamedia$0http://rdaregistry.info/termList/RDAMediaType/1007
=338  \\$aBand$bnc$2rdacarrier$0http://rdaregistry.info/termList/RDACarrierType/1049
=490  1\$aHeyne-Bücher$vNr. 3509 : Science-fiction
=500  \\$aAus d. Engl. übers. - Lizenz d. v.-Schröder-Verl., Düsseldorf, Hamburg.
=700  12$aBallard, J. G.$d1930-2009$2gnd$tThe four-dimensional nightmare$gdt.$1http://viaf.org/viaf/183430784
=830  \0$aHeyne-Bücher$vNr. 3509 : Science-fiction$943509

