=LDR  00669cam a22002055a 4500
=001  14286405
=003  SE-LIBR
=005  20141231080103.0
=008  130611\\\\\\\\\\\\\\\\\\\\\\\\\\\\\\\\\\
=020  \\$a0007469527
=020  \\$a9780007469529
=040  \\$dH
=082  \\$a823.914$223
=100  1\$aBallard, J. G.$1http://viaf.org/viaf/9842556$4http://rdaregistry.info/Elements/w/object/P10059
=240  \\$aExtreme methaphores$1http://www.wikidata.org/entity/Q18208804
=245  10$aExtreme Metaphors
=250  \\$aUnabridged
=260  \\$aLondon$bHarperCollins Publishers$c2012
=336  \\$atext$btxt$2rdacontent$0http://rdaregistry.info/termList/RDAContentType/1020
=337  \\$aunmediated$bn$2rdamedia$0http://rdaregistry.info/termList/RDAMediaType/1007
=338  \\$avolume$bnc$2rdacarrier$0http://rdaregistry.info/termList/RDACarrierType/1049
=700  1\$aO'Hara, Daniel Finbarr John,$d1972-$eeditor.$4edt$4edc$1http://viaf.org/viaf/66433403
=700  1\$aSellars, Simon,$eeditor.$4edt$1http://viaf.org/viaf/58855728

