=LDR  01455nam a2200325 c 4500
=001  860997057
=003  DE-101
=005  20171202110420.0
=007  tu
=008  861007s1986\\\\gw\|||||\||||\00||||ger\\
=015  \\$a86,A43,0985$2dnb
=016  7\$2DE-101$a860997057
=020  \\$a3404130537$ckart. : DM 7.80, S. 61.00$93-404-13053-7
=020  \\$a9783404130535$ckart. : DM 7.80, S. 61.00$9978-3-404-13053-5
=040  \\$a1200$bger$cDE-101$d9999
=041  \\$ager
=044  \\$cXA-DE
=084  \\$a59$a810$a820$a830$a839$a840$a850$a860$a870$a880$a890$aB$qDE-101$2sdnb
=100  1\$0(DE-588)118656929$0https://d-nb.info/gnd/118656929$0(DE-101)118656929$aBallard, J. G.$d1930-2009$eVerfasser$4aut$2gnd$1http://viaf.org/viaf/9842556$4http://rdaregistry.info/Elements/w/object/P10061
=245  10$aCrash$bRoman ; [d. Mann, d. Verkehrsunfälle liebte]$cJames Graham Ballard. [Ins Dt. übertr. von Joachim Körber]
=250  \\$aDt. Lizenzausg.
=259  \\$adtl
=264  \1$aBergisch Gladbach$bBastei-Verlag Lübbe$c1986
=300  \\$a220 S.$c18 cm
=336  \\$aText$btxt$2rdacontent$0http://rdaregistry.info/termList/RDAContentType/1020
=337  \\$aohne Hilfsmittel zu benutzen$bn$2rdamedia$0http://rdaregistry.info/termList/RDAMediaType/1007
=338  \\$aBand$bnc$2rdacarrier$0http://rdaregistry.info/termList/RDACarrierType/1049
=490  1\$aBastei-Lübbe-Taschenbuch$vBd. 13053 : Allgemeine Reihe
=700  12$aBallard, J. G.$d1930-2009$2gnd$tCrash$gdt.$1http://viaf.org/viaf/305922109
=700  1\$aKörber, Joachim$4trl$1http://viaf.org/viaf/37083705
=830  \0$aBastei-Lübbe-Taschenbuch$vBd. 13053 : Allgemeine Reihe$w(DE-101)010434747$w(DE-600)49563-3$9513053$7as

