=LDR  01988pam a2200445 c 4500
=001  1004755074
=003  DE-101
=005  20171202160328.0
=007  tu
=008  100719s2010\\\\gw\|||||\||||\00||||ger\\
=015  \\$a11,A29$z10,N30$2dnb
=016  7\$2DE-101$a1004755074
=020  \\$a9783937897455$cPp. : EUR 22.00$9978-3-937897-45-5
=024  3\$a9783937897455
=040  \\$a1245$bger$cDE-101$d9999
=041  \\$ager$heng
=044  \\$cXA-DE-RP
=082  04$81\u$a828.91403$qDE-101$222/ger
=083  7\$a820$qDE-101$222sdnb
=085  \\$81\u$b828
=090  \\$ab
=100  1\$0(DE-588)118656929$0https://d-nb.info/gnd/118656929$0(DE-101)118656929$aBallard, J. G.$d1930-2009$eVerfasser$4aut$2gnd$1http://viaf.org/viaf/9842556$4http://rdaregistry.info/Elements/w/object/P10061
=245  10$aWunder des Lebens$cJ. G. Ballard. Aus dem Engl. von Joachim Körber
=250  \\$a1. Aufl.
=259  \\$a11
=264  \1$a[Bellheim]$bkuk$c2010
=300  \\$a261 S.$c21 cm
=336  \\$aText$btxt$2rdacontent$0http://rdaregistry.info/termList/RDAContentType/1020
=337  \\$aohne Hilfsmittel zu benutzen$bn$2rdamedia$0http://rdaregistry.info/termList/RDAMediaType/1007
=338  \\$aBand$bnc$2rdacarrier$0http://rdaregistry.info/termList/RDACarrierType/1049
=600  17$0(DE-588)118656929$0https://d-nb.info/gnd/118656929$0(DE-101)118656929$aBallard, J. G.$d1930-2009$9rswk-swf$2gnd$1http://viaf.org/viaf/9842556
=653  \\$a(VLB-PF)BA: Buch
=653  \\$a(VLB-WN)1921: Hardcover, Softcover / Sachbücher/Philosophie, Religion/Biographien, Autobiographien
=655  \7$0(DE-588)4003939-0$0https://d-nb.info/gnd/4003939-0$0(DE-101)040039390$aAutobiografie$2gnd-content
=655  \7$aAutobiographie$9rswk-swf$2gnd
=689  0\$5DE-101$5DE-101
=689  00$0(DE-588)118656929$0https://d-nb.info/gnd/118656929$0(DE-101)118656929$Dp$aBallard, J. G.$d1930-2009
=689  01$Af$aAutobiographie
=700  1\$0(DE-588)120147955$0https://d-nb.info/gnd/120147955$0(DE-101)120147955$aKörber, Joachim$d1958-$eÜbersetzer$4trl$1http://viaf.org/viaf/37083705
=700  12$aBallard, J. G.$d1930-2009$2gnd$tMiracles of life$gdt.$1http://www.wikidata.org/entity/Q6872514

