=LDR  00980nam a2200277 c 4500
=001  a5932572
=003  UK
=005  20191001011916.3
=008  170403s2017\\\\sp\\\\\|\||||\000\f\spa\\
=015  \\$aMON16
=017  \\$aM 37494-2016$bOficina Depósito Legal Madrid
=020  \\$a978-84-9104-572-4
=040  \\$aSpMaBN$bspa$cSpMaBN$erdc
=041  1\$aspa$heng
=080  \\$a821.111-31"19"
=100  1\$aBallard, J. G.$d1930-2009$4aut$0XX1721261$1http://viaf.org/viaf/9842556$4http://rdaregistry.info/Elements/w/object/P10061
=240  10$aEmpire of the sun$lEspañol$1http://viaf.org/viaf/180997771
=245  13$aEl Imperio del Sol$cJ.G. Ballard ; traducción de Carlos Peralta
=260  \\$aMadrid$bAlianza Editorial$ccop. 2017
=300  \\$a398 pages$c20 cm
=336  \\$aTexto (visual)$2isbdcontent$0http://rdaregistry.info/termList/RDAContentType/1020
=337  \\$asin mediación$2isbdmedia$0http://rdaregistry.info/termList/RDAMediaType/1007
=380  \\$aNovel
=490  0\$a13/20
=594  \\$aTraducción de: Empire of the sun
=655  \7$aNovelas autobiográficas$2tgfbne
=700  1\$aPeralta, Carlos$4trl$1http://viaf.org/viaf/7284374

