=LDR  01063 am a2200337ua 4500
=001  012636128
=003  UK
=005  20160601115100.0
=008  850930r19851984enkb\\\||\\\\\000\1|eng\\
=015  \\$aGB8517319$2bnb
=019  1\$a0708982700
=019  9\$a0708982700
=019  y\$ab8517319
=020  \\$a0708982700 :$c£7.95
=039  0\$a1860
=040  \\$aUk$cUk
=050  00$aPR6052.A46
=082  04$a823/.914$219
=100  1\$aBallard, J. G.$d1930-2009$1http://viaf.org/viaf/9842556$4http://rdaregistry.info/Elements/w/object/P10061
=240  10$aEmpire of the sun$1http://viaf.org/viaf/180997771
=245  10$aEmpire of the sun /$cJ.G. Ballard.
=260  \\$aLeicester :$bCharnwood,$c1985, c1984.
=300  \\$a465p. :$b1map ;$c23cm.
=336  \\$atext$2rdacontent$0http://rdaregistry.info/termList/RDAContentType/1020
=337  \\$aunmediated$2rdamedia$0http://rdaregistry.info/termList/RDAMediaType/1007
=338  \\$avolume$2rdacarrier$0http://rdaregistry.info/termList/RDACarrierType/1049
=380  \\$aFiction
=490  0\$aCharnwood large type
=490  0\$aCharnwood library series
=500  \\$aOriginally published: London : Gollancz, 1984.
=500  \\$aPublished in large print.
=653  \\$aFiction in English$a1945-$aTexts

