=LDR  01831cam a2200433 i 4500
=001  w6xjchp9tss1dgfs
=003  SE-LIBR
=005  20200610131606.0
=008  190417s2019\\\\sw\|||||||||||000\f|swe|d
=020  \\$a9789198499759$qhäftad
=040  \\$aBOKR$bswe$dSsb$dS$ei$erda
=041  1\$aswe$heng
=042  \\$9NB
=082  04$a823$222 (machine generated)
=084  \\$aHcee.01$2kssb/8
=100  1\$aBallard, J. G.$d1930-2009$4aut$0https://libris.kb.se/dbqssg6x38zr5cn#it$1http://viaf.org/viaf/9842556$4http://rdaregistry.info/Elements/w/object/P10061
=240  10$aCrash$1http://viaf.org/viaf/305922109
=245  10$aCrash /$cJ. G. Ballard ; översättning: Daniel Pedersen.
=264  \1$aStockholm :$bBokförlaget Faethon,$c2019
=300  \\$a255 sidor$c21 cm
=336  \\$atext$btxt$2rdacontent$0http://rdaregistry.info/termList/RDAContentType/1020
=337  \\$aunmediated$bn$2rdamedia$0http://rdaregistry.info/termList/RDAMediaType/1007
=338  \\$avolume$bnc$2rdacarrier$0http://rdaregistry.info/termList/RDACarrierType/1049
=380  \\$aNovel
=500  \\$aFörsta svenska upplaga 2019
=650  \0$aCompulsive behavior
=650  \0$aMale friendship
=650  \0$aSex
=650  \0$aSex Customs
=650  \0$aTraffic accident victims
=650  \0$aTraffic accidents
=650  \7$aBrott mot kvinnor$0https://id.kb.se/term/sao/Brott%20mot%20kvinnor$2sao
=650  \7$aManlig vänskap$0https://id.kb.se/term/sao/Manlig%20v%C3%A4nskap$2sao
=650  \7$aSexualitet$0https://id.kb.se/term/sao/Sexualitet$2sao
=650  \7$aTrafikoffer$0https://id.kb.se/term/sao/Trafikoffer$2sao
=650  \7$aTrafikolyckor$0https://id.kb.se/term/sao/Trafikolyckor$2sao
=650  \7$aTvångssyndrom$0https://id.kb.se/term/sao/Tv%C3%A5ngssyndrom$2sao
=655  \7$aPsykologiska skildringar$0https://id.kb.se/term/saogf/Psykologiska%20skildringar$2saogf
=655  \7$aRomaner$0https://id.kb.se/term/saogf/Romaner$2saogf
=700  1\$aPedersen, Daniel,$d1978-$4trl$0https://libris.kb.se/vs69gvgd4qtj446#it

