=LDR  00551cam a22001813a 4500
=001  17433127
=003  SE-LIBR
=005  20150127164150.0
=008  150127s1984\\\\xxu\\\\\\\\\\\000\0\eng\d
=020  \\$a0671556460
=020  \\$a9780671556464
=040  \\$aDKDLA$bdan$cDKDLA$dJm
=084  \\$a83$2z
=100  1\$aBallard, J. G.$1http://viaf.org/viaf/9842556$4http://rdaregistry.info/Elements/w/object/P10061
=240  10$aEmpire of the sun$1http://viaf.org/viaf/180997771
=245  10$aEmpire of the Sun
=260  \\$aNew York :$bPocket Books,$c1984
=300  \\$a375 sider
=336  \\$atext$btxt$2rdacontent$0http://rdaregistry.info/termList/RDAContentType/1020
=337  \\$aunmediated$bn$2rdamedia$0http://rdaregistry.info/termList/RDAMediaType/1007
=338  \\$avolume$bnc$2rdacarrier$0http://rdaregistry.info/termList/RDACarrierType/1049

