=LDR  01170cam a22002537c 4500
=001  991440138604702201
=003  BIBSYS
=005  20150206120624.0
=007  ta
=008  150206s1988\\\\xx#|||||||||||000|f|eng|d
=020  \\$a0881844225$qh.
=040  \\$aNO-TrBIB$bnob$ekatreg
=100  1\$aBallard, J.G.$d1930-2009$0(NO-TrBIB)90199005$1http://viaf.org/viaf/9842556$4http://rdaregistry.info/Elements/w/object/P10061
=240  10$aVermilion sands$1http://viaf.org/viaf/307991538
=245  10$aVermilion sands$cJ. G. Ballard
=260  \\$aNew York$bCarroll andGraf Publishers$c1988
=300  \\$a208 s.
=336  \\$atekst$0http://rdaregistry.info/termList/RDAContentType/1020
=337  \\$auformidlet$0http://rdaregistry.info/termList/RDAMediaType/1007
=338  \\$abind$0http://rdaregistry.info/termList/RDACarrierType/1049
=380  \\$aSpråkbasert verk$1https://schema.nb.no/Bibliographic/Values/V1000
=653  \\$afantasy$ascience$afiction
=856  42$3Beskrivelse fra forlaget (kort)$uhttp://content.bibsys.no/content/?type=descr_publ_brief&isbn=0881844225
=856  42$3Beskrivelse fra forlaget (lang)$uhttp://content.bibsys.no/content/?type=descr_publ_full&isbn=0881844225

