=LDR  00910nam a2200253   4500
=001  bimo0001851563
=003  SpMaBN
=005  20200515020137.6
=008  030514s2003\\\\sp\|\\\\\\\\\\|||\||spa\\
=016  7\$abimoBNE20030360975$2SpMaBN
=017  \\$aB 49410-2002$bOficina Depósito Legal Barcelona
=020  \\$a84-450-7435-0
=040  \\$aSpMaBN$bspa$cSpMaBN$erdc
=041  1\$aspa$heng
=080  \\$a821.111-31"19"
=100  1\$aBallard, J. G.$d1930-2009$0XX1721261$1http://viaf.org/viaf/9842556$4http://rdaregistry.info/Elements/w/object/P10061
=240  10$aHello America$lEspañol$1http://viaf.org/viaf/202977755
=245  10$aHola América$h[Texto impreso]$cJ.G. Ballard ; [traducción de Carlos Peralta]
=250  \\$a1ª ed. en esta colección
=260  \\$aBarcelona$bMinotauro$c2003
=300  \\$a258 pages$c18 cm
=336  \\$atext$btxt$2rdacontent$0http://rdaregistry.info/termList/RDAContentType/1020
=337  \\$aunmediated$bn$2rdamedia$0http://rdaregistry.info/termList/RDAMediaType/1007
=338  \\$avolume$bnc$2rdacarrier$0http://rdaregistry.info/termList/RDACarrierType/1049
=490  1\$aAutores
=594  \\$aTraducción de: Hello America
=700  1\$aPeralta, Carlos$4trl$1http://viaf.org/viaf/7284374
=830  \0$aAutores (Barcelona)

