=LDR  00738nam a2200205   4500
=001  bimo0000219610
=003  SpMaBN
=005  20200515012313.6
=008  840120s1983\\\\sp\\\\\\\\\\\\000\\\spa\\
=016  7\$abimoBNE19921371855$zIBH8405718386$2SpMaBN
=017  \\$aB 38858-1982$bOficina Depósito Legal Barcelona
=020  \\$a84-350-0393-0
=040  \\$aIBH$bspa$cSpMaBN$erdc
=041  1\$aspa$heng
=080  \\$a820-31"19"
=100  1\$aBallard, J. G.$d1930-2009$0XX1721261$1http://viaf.org/viaf/9842556$4http://rdaregistry.info/Elements/w/object/P10061
=245  10$aRascacielos$h[Texto impreso]$cJ.G. Ballard ; [traductor, Manuel Figueroa]
=260  \\$aBarcelona$bMinotauro$c1983
=300  \\$a244 pages$c21 cm
=336  \\$atext$btxt$2rdacontent$0http://rdaregistry.info/termList/RDAContentType/1020
=337  \\$aunmediated$bn$2rdamedia$0http://rdaregistry.info/termList/RDAMediaType/1007
=338  \\$avolume$bnc$2rdacarrier$0http://rdaregistry.info/termList/RDACarrierType/1049
=700  1\$aFigueroa, Manuel$c(traductor)$4trl$1http://viaf.org/viaf/87721105

