=LDR  00864nam a2200229   4500
=001  bimo0000646568
=003  SpMaBN
=005  20200515013715.6
=008  970710s1997\\\\sp\|\\\\\\\\\\|||\||spa\\
=016  7\$abimoBNE19971263686$2SpMaBN
=017  \\$aB 3152-1997$bOficina Depósito Legal Barcelona
=020  \\$a84-7888-326-6
=040  \\$aSpMaBN$bspa$cSpMaBN$erdc
=041  1\$aspa$heng
=080  \\$a821.111-31"19"
=100  1\$aBallard, J. G.$d1930-2009$0XX1721261$1http://viaf.org/viaf/9842556$4http://rdaregistry.info/Elements/w/object/P10061
=240  14$aThe kindness of women$lEspañol$1http://viaf.org/viaf/8009153289944232770002
=245  13$aLa bondad de las mujeres$cJ.G. Ballard ; [traducción, Luis Murillo Fort]
=260  \\$aBarcelona$bEmecé$c[1997]
=300  \\$a351 pages$c19 cm
=336  \\$atext$btxt$2rdacontent$0http://rdaregistry.info/termList/RDAContentType/1020
=337  \\$aunmediated$bn$2rdamedia$0http://rdaregistry.info/termList/RDAMediaType/1007
=338  \\$avolume$bnc$2rdacarrier$0http://rdaregistry.info/termList/RDACarrierType/1049
=440  \0$aLetras de bolsillo
=594  \\$aTraducción de: The kindness of women
=700  1\$aFort, Luis Murillo$4trl

