=LDR  00842nam a2200229   4500
=001  bimo0000242829
=003  SpMaBN
=005  20200515012429.6
=008  850222s1984\\\\sp\\\\\\\\\\\\001\\\spa\\
=016  7\$abimoBNE19921636534$zIBH8405825910$2SpMaBN
=017  \\$aB 21839-1984$bOficina Depósito Legal Barcelona
=020  \\$a84-350-7041-7
=040  \\$aIBH$bspa$cSpMaBN$erdc
=041  1\$aspa
=080  \\$a820-31"19"
=100  1\$aBallard, J. G.$d1930-2009$0XX1721261$1http://viaf.org/viaf/9842556$4http://rdaregistry.info/Elements/w/object/P10061
=240  10$aConcrete island$lEspañol$1http://viaf.org/viaf/174604532
=245  13$aLa isla de cemento$h[Texto impreso]$cJ.G. Ballard ; [traducción de Manuel Figueroa]
=250  \\$a1ª ed.
=260  \\$aBarcelona$bMinotauro$c1984
=300  \\$a174 pages$c21 cm
=336  \\$atext$btxt$2rdacontent$0http://rdaregistry.info/termList/RDAContentType/1020
=337  \\$aunmediated$bn$2rdamedia$0http://rdaregistry.info/termList/RDAMediaType/1007
=338  \\$avolume$bnc$2rdacarrier$0http://rdaregistry.info/termList/RDACarrierType/1049
=700  1\$aFigueroa, Manuel$c(traductor)$4trl$1http://viaf.org/viaf/87721105

