=LDR  00798nam a22002175  4500
=001  bimo0000448508
=003  SpMaBN
=005  20200515013214.6
=008  950804s1995\\\\sp\|\\\\\\\\\\|||\||spa\\
=016  7\$abimoBNE19950230689$2SpMaBN
=017  \\$aB 8157-1995$bOficina Depósito Legal Barcelona
=020  \\$a84-7888-204-9
=040  \\$aSpMaBN$bspa$cSpMaBN$erdc
=041  1\$aspa$heng
=080  \\$a820-31"19"
=100  1\$aBallard, J. G.$d1930-2009$0XX1721261$1http://viaf.org/viaf/9842556$4http://rdaregistry.info/Elements/w/object/P10061
=240  10$aRushing to paradise$lEspañol$1http://viaf.org/viaf/1313145424719986830495
=245  10$aFuga al paraíso$h[Texto impreso]$cJ.G. Ballard
=260  \\$aBarcelona$bEmecé$cD.L. 1995
=300  \\$a299 pages$c22 cm
=336  \\$atext$btxt$2rdacontent$0http://rdaregistry.info/termList/RDAContentType/1020
=337  \\$aunmediated$bn$2rdamedia$0http://rdaregistry.info/termList/RDAMediaType/1007
=338  \\$avolume$bnc$2rdacarrier$0http://rdaregistry.info/termList/RDACarrierType/1049
=594  \\$aTraducción de: Rushing to paradise

