=LDR  04078nam a2200745uc 4500
=001  112931720X
=003  DE-101
=005  20171203115152.0
=007  cr||||||||||||
=008  170405s2017\\\\gw\|||||o||||\00||||eng\\
=015  \\$a17,O05$2dnb
=016  7\$2DE-101$a112931720X
=020  \\$a3110488302$93-11-048830-2
=020  \\$a9783110488302$9978-3-11-048830-2
=024  3\$a9783110488302
=024  7\$2urn$aurn:nbn:de:101:1-2017040525473
=040  \\$a1140$bger$cDE-101$d9999
=041  \\$aeng
=044  \\$cXA-DE-BE
=082  04$83\u$a823.914$qDE-101$222/ger
=083  7\$84\p$a820$qDE-101$223sdnb
=085  \\$83\u$b823
=100  1\$81\p$0(DE-588)1124249702$0https://d-nb.info/gnd/1124249702$0(DE-101)1124249702$aCord, Florian$d1982-$eVerfasser$4aut$2gnd$1http://viaf.org/viaf/12148570682924312852$4http://rdaregistry.info/Elements/w/object/P10061
=240  \\$aJ.G. Ballard's politics : late capitalism, power, and the pataphysics of resistance$1http://viaf.org/viaf/12148570682924312852/jgballard
=245  10$aJ.G. Ballard's Politics$bLate Capitalism, Power, and the Pataphysics of Resistance$cFlorian Cord
=264  \1$aBerlin/Boston$bDe Gruyter$bDe Gruyter Mouton$c2017
=300  \\$aOnline-Ressourcen, 274 Seiten
=336  \\$aText$btxt$2rdacontent$0http://rdaregistry.info/termList/RDAContentType/1020
=337  \\$aComputermedien$bc$2rdamedia$0http://rdaregistry.info/termList/RDAMediaType/1003
=338  \\$aOnline-Ressource$bcr$2rdacarrier$0http://rdaregistry.info/termList/RDACarrierType/1018
=336  \\$atekst$0http://rdaregistry.info/termList/RDAContentType/1020
=337  \\$adatamaskin$0http://rdaregistry.info/termList/RDAMediaType/1003
=338  \\$aonline ressurs$0http://rdaregistry.info/termList/RDACarrierType/1018
=347  \\$adata file$2rda
=380  \\$aSpråkbasert verk$1https://schema.nb.no/Bibliographic/Values/V1000
=490  1\$aBuchreihe der Anglia / Anglia Book Series$v54
=500  \\$aLizenzpflichtig
=583  1\$aArchivierung/Langzeitarchivierung gewährleistet$5DE-101$2pdager
=600  17$0(DE-588)118656929$0https://d-nb.info/gnd/118656929$0(DE-101)118656929$aBallard, J. G.$d1930-2009$9rswk-swf$2gnd$1http://viaf.org/viaf/9842556
=650  \7$0(DE-588)4168422-9$0https://d-nb.info/gnd/4168422-9$0(DE-101)041684222$aMacht$gMotiv$9rswk-swf$2gnd
=650  \7$0(DE-588)4202544-8$0https://d-nb.info/gnd/4202544-8$0(DE-101)042025443$aPolitik$gMotiv$9rswk-swf$2gnd
=650  \7$0(DE-588)4221315-0$0https://d-nb.info/gnd/4221315-0$0(DE-101)042213150$aKapitalismus$gMotiv$9rswk-swf$2gnd
=653  \\$a(BISAC Subject Heading)LIT004120
=653  \\$a(Produktform)Electronic book text
=653  \\$a(Produktrabattgruppe)PR: rabattbeschränkt/Bibliothekswerke
=653  \\$a(VLB-WN)9564
=653  \\$a(Zielgruppe)Fachpublikum/ Wissenschaft
=653  \\$aJ.G. Ballard
=653  \\$aJ.G. Ballard; Late Captalism; Power; Resistance
=653  \\$alate captalism
=653  \\$apower
=653  \\$aresistance
=689  0\$5DE-101$5DE-101
=689  00$0(DE-588)118656929$0https://d-nb.info/gnd/118656929$0(DE-101)118656929$Dp$aBallard, J. G.$d1930-2009
=689  01$0(DE-588)4202544-8$0https://d-nb.info/gnd/4202544-8$0(DE-101)042025443$Ds$aPolitik$gMotiv
=689  02$0(DE-588)4221315-0$0https://d-nb.info/gnd/4221315-0$0(DE-101)042213150$Ds$aKapitalismus$gMotiv
=689  03$0(DE-588)4168422-9$0https://d-nb.info/gnd/4168422-9$0(DE-101)041684222$Ds$aMacht$gMotiv
=710  2\$82\p$0(DE-588)1065653190$0https://d-nb.info/gnd/1065653190$0(DE-101)1065653190$aDe Gruyter Mouton$eVerlag$4pbl$2gnd
=776  08$iElektronische Reproduktion von$z9783110487893
=776  08$iErscheint auch als$nDruck-Ausgabe$aCord, Florian, 1982-$tJ.G. Ballard's politics$dBerlin : De Gruyter, [2017]$h264 Seiten$w(DE-101)1100371834
=776  08$iErscheint auch als$nOnline-Ausgabe$z9783110490718
=776  08$iErscheint auch als$z9783110490725
=830  \0$aBuchreihe der Anglia / Anglia Book Series$v54
=856  \0$uhttps://d-nb.info/112931720X/34$xLangzeitarchivierung Nationalbibliothek
=856  4\$qepub$uhttp://www.degruyter.com/search?f_0=isbnissn&q_0=9783110488302&searchTitles=true$xVerlag
=856  40$uhttps://nbn-resolving.org/urn:nbn:de:101:1-2017040525473$xResolving-System

