=LDR  03047pam a2200577 c 4500
=001  988466864
=003  DE-101
=005  20200826145245.0
=007  tu
=008  080428s2008\\\\au\|||||\||||\00||||ger\\
=015  \\$a09,A40,1503$z08,N20,1508$2dnb
=016  7\$2DE-101$a988466864
=020  \\$a9783852861661$cPp. : ca. EUR 19.90$9978-3-85286-166-1
=024  3\$a9783852861661
=040  \\$a1145$bger$cDE-101$d1140
=041  \\$ager$heng
=044  \\$cXA-AT
=082  74$a820$aB$qDE-101$222sdnb
=090  \\$ab
=100  1\$0(DE-588)118656929$0https://d-nb.info/gnd/118656929$0(DE-101)118656929$aBallard, J. G.$d1930-2009$eVerfasser$4aut$2gnd$1http://viaf.org/viaf/9842556$4http://rdaregistry.info/Elements/w/object/P10061
=240  10$0(DE-588)104576583X$0https://d-nb.info/gnd/104576583X$0(DE-101)104576583X$aThe atrocity exhibition$2gnd$1http://viaf.org/viaf/182227002
=245  10$aLiebe & Napalm$b[Roman]$cJ. G. Ballard. Übers. von Carl Weissener. Mit einem Nachw. von Thomas Ballhausen und Thomas Edlinger
=246  3\$aLiebe und Napalm
=264  \1$aWien$bMilena-Verl.$cc 2008
=300  \\$a235 S.$c21 cm
=336  \\$aText$btxt$2rdacontent$0http://rdaregistry.info/termList/RDAContentType/1020
=337  \\$aohne Hilfsmittel zu benutzen$bn$2rdamedia$0http://rdaregistry.info/termList/RDAMediaType/1007
=338  \\$aBand$bnc$2rdacarrier$0http://rdaregistry.info/termList/RDACarrierType/1049
=490  1\$aExquisite corpse$vBd. 2
=650  \7$0(DE-588)4003157-3$0https://d-nb.info/gnd/4003157-3$0(DE-101)040031578$aArzt$9rswk-swf$2gnd
=650  \7$0(DE-588)4052527-2$0https://d-nb.info/gnd/4052527-2$0(DE-101)040525279$aSchizophrenie$9rswk-swf$2gnd
=650  \7$0(DE-588)4138163-4$0https://d-nb.info/gnd/4138163-4$0(DE-101)041381637$aPsychiatrische Klinik$9rswk-swf$2gnd
=651  \7$0(DE-588)4074335-4$0https://d-nb.info/gnd/4074335-4$0(DE-101)040743357$aLondon$9rswk-swf$2gnd
=653  \\$a(VLB-FS)Ballard, J. G.
=653  \\$a(VLB-FS)Ballard, James
=653  \\$a(VLB-FS)Liebe
=653  \\$a(VLB-FS)Napalm
=653  \\$a(VLB-FS)Weissener, Carl
=653  \\$a(VLB-PF)BB: Gebunden
=653  \\$a(VLB-WN)1112: HC/Belletristik/Gegenwartsliteratur (ab 1945)
=655  \7$0(DE-588)1071854844$0https://d-nb.info/gnd/1071854844$0(DE-101)1071854844$aFiktionale Darstellung$2gnd-content
=655  \7$aBelletristische Darstellung$9rswk-swf$2gnd
=689  0\$5DE-101$5DE-101
=689  00$0(DE-588)4074335-4$0https://d-nb.info/gnd/4074335-4$0(DE-101)040743357$Dg$aLondon
=689  01$0(DE-588)4138163-4$0https://d-nb.info/gnd/4138163-4$0(DE-101)041381637$Ds$aPsychiatrische Klinik
=689  02$0(DE-588)4003157-3$0https://d-nb.info/gnd/4003157-3$0(DE-101)040031578$Ds$aArzt
=689  03$0(DE-588)4052527-2$0https://d-nb.info/gnd/4052527-2$0(DE-101)040525279$Ds$aSchizophrenie
=689  04$Af$aBelletristische Darstellung
=700  1\$0(DE-588)107849410$0https://d-nb.info/gnd/107849410$0(DE-101)107849410$aWeissner, Carl$d1940-2012$eÜbersetzer$4trl$2gnd
=830  \0$aExquisite corpse$vBd. 2$w(DE-101)989486729$w(DE-600)2435968-3$912$7as
=856  42$mX:MVB$qtext/html$uhttp://deposit.dnb.de/cgi-bin/dokserv?id=3095877&prov=M&dok_var=1&dok_ext=htm$3Inhaltstext

