=LDR  00670cam a22001937a 4500
=001  9872545
=003  SE-LIBR
=005  20090422155521.0
=008  050502s1988\\\\fr\||||\\\\\\|00|\||fre\c
=020  \\$a2-08-066144-2
=040  \\$aQ
=041  1\$afre$heng
=082  04$a823$222 (machine generated)
=084  \\$aHe.01=j$2kssb/7
=100  1\$aBallard, J. G.$d1930-2009$0176668$1http://viaf.org/viaf/9842556$4http://rdaregistry.info/Elements/w/object/P10061
=240  10$aThe day of creation$1http://viaf.org/viaf/308025936
=245  03$aLe jour de la création :$b[roman] /$cJ.-G. Ballard ; traduit de l'anglais par Robert Louit
=260  \\$aParis :$bFlammarion,$c1988
=300  \\$a287 s.
=336  \\$atext$btxt$2rdacontent$0http://rdaregistry.info/termList/RDAContentType/1020
=337  \\$aunmediated$bn$2rdamedia$0http://rdaregistry.info/termList/RDAMediaType/1007
=338  \\$avolume$bnc$2rdacarrier$0http://rdaregistry.info/termList/RDACarrierType/1049
=700  1\$aLouit, Robert$c(traductor)$4trl

