=LDR  02756cam a2200541 c 4500
=001  999113092764702201
=003  BIBSYS
=005  20211030210406.0
=007  cr||||||||||||
=007  ta
=008  150724s1991\\\\no#||||j\|||||000|1|nob|d
=015  \\$a9103405$2nbf
=020  \\$a8205204829$qib.$cNkr 178.00
=040  \\$aNO-TrBIB$bnob$ekatreg
=044  \\$cno
=082  04$a813.008$223
=082  74$a808.83$qNO-OsNB$24/nor
=084  \\$aS 12b$2oosk
=245  00$aMinner om fremtiden :$bfabelprosa 2$cBing & Bringsværd (red.)
=260  \\$aOslo$bGyldendal$c1991
=300  \\$a182 s.$c22 cm
=336  \\$atekst$0http://rdaregistry.info/termList/RDAContentType/1020
=337  \\$auformidlet$0http://rdaregistry.info/termList/RDAMediaType/1007
=338  \\$abind$0http://rdaregistry.info/termList/RDACarrierType/1049
=347  \\$adata file$2rda
=380  \\$aSpråkbasert verk$1https://schema.nb.no/Bibliographic/Values/V1000
=533  \\$aElektronisk reproduksjon$b[Norge]$cNasjonalbiblioteket Digital$d2010-03-20
=650  \7$aEngelsk litteratur$2humord$0(NO-TrBIB)HUME06885
=650  \7$aNoveller$2humord$0(NO-TrBIB)HUME06723
=650  \7$aScience fiction$2humord$0(NO-TrBIB)HUME07060
=651  \7$aUSA$2humord$0(NO-TrBIB)HUME01695
=653  \\$ascience$afiction$afortellinger$aprosa$a1990-tallet$afantasy
=700  1\$aHaraldsen, Egil$d1945-$0(NO-TrBIB)11024750$4bjd
=700  12$aAsimov, Isaac$d1920-1992$tFornuft$0(NO-TrBIB)90104376
=700  12$aBallard, J.G.$d1930-2009$tStellavistas tusen drømmer$0(NO-TrBIB)90199005$1http://www.isfdb.org/cgi-bin/title.cgi?57629
=700  12$aBester, Alfred$d1913-1987$tHerlige Celsius$0(NO-TrBIB)90083185
=700  12$aBing, Jon$d1944-2014$tKart over fantastisk litteratur$ered.$0(NO-TrBIB)90065026$4edt
=700  12$aBradbury, Ray$d1920-2012$tDen korte sommeren$0(NO-TrBIB)90083059
=700  12$aBringsværd, Tor Åge$d1939-$tKart over fantastisk litteratur$ered.$0(NO-TrBIB)90058926$4edt
=700  12$aBrown, Fredric$tEn slutt$0(NO-TrBIB)98051350
=700  12$aEllison, Harlan$d1934-$tJeg vil skrike, men har ingen munn$0(NO-TrBIB)5015711
=700  12$aGlaser, Alice$tDet er en tunnel i din fremtid$0(NO-TrBIB)10053174
=700  12$aMatheson, Richard$d1926-2013$tLazarus 2$0(NO-TrBIB)90081040
=700  12$aMcCaffrey, Anne$d1926-2011$tSkipet som sang$0(NO-TrBIB)90152837
=700  12$aSheckley, Robert$tBellwether ordner alt!$0(NO-TrBIB)90222749
=700  12$aVonnegut, Kurt jr.$tTralfamadore$0(NO-TrBIB)10062183
=700  12$aWellman, Manly Wade$tStjernene der nede$0(NO-TrBIB)10062328
=856  41$3Fulltekst$uhttps://www.nb.no/search?q=oaiid:"oai:nb.bibsys.no:999113092764702202"&mediatype=bøker$yNettbiblioteket$zSøke-URL
=856  42$3Beskrivelse fra Forlagssentralen$uhttp://content.bibsys.no/content/?type=descr_forlagssentr&isbn=8205204829

