=LDR  01036nam a22002775c 4500
=001  999920843280402201
=003  BIBSYS
=005  20191215064140.0
=007  ta
=008  190424s1979\\\\xxk\\\\|\|||||00||0\eng|c
=020  \\$a0330258729$qh.
=040  \\$aNO-TrBIB$bnob$ekatreg
=245  10$aStars of Albion /$cEdited by Robert Holdstock & Christopher Priest
=260  \\$aLondon$bPan Books$c1979
=336  \\$atext$btxt$2rdacontent$0http://rdaregistry.info/termList/RDAContentType/1020
=337  \\$aunmediated$bn$2rdamedia$0http://rdaregistry.info/termList/RDAMediaType/1007
=338  \\$avolume$bnc$2rdacarrier$0http://rdaregistry.info/termList/RDACarrierType/1049
=700  1\$aAldiss, Brian W.$d1925-$4ctb$0(NO-TrBIB)90056060$1http://viaf.org/viaf/2465493
=700  1\$aBallard, J.G.$d1930-2009$0(NO-TrBIB)90199005$4ctb$1http://viaf.org/viaf/9842556
=700  1\$aBayley, Barrington J.$0(NO-TrBIB)12069567$4ctb
=700  1\$aBrunner, John$d1934-1995$0(NO-TrBIB)90763497$4ctb$1http://viaf.org/viaf/103212466
=700  1\$aGarnett, David S.$0(NO-TrBIB)13023439$4ctb
=700  1\$aHoldstock, Robert$0(NO-TrBIB)13011258$4edt$4edc
=700  1\$aMasson, David I.$0(NO-TrBIB)2019380$4ctb
=700  1\$aPriest, Christopher$d1943-$0(NO-TrBIB)90107012$4ctb
=700  1\$aRoberts, Keith$d1935-2000$0(NO-TrBIB)6015507$4edt$4edc
=700  1\$aSaxton, Josephine$0(NO-TrBIB)13001132$4ctb
=700  1\$aShaw, Bob$0(NO-TrBIB)9069015$4ctb
=700  1\$aWatson, Ian$0(NO-TrBIB)12030022$4ctb

