=LDR  00545cam a22001455a 4500
=001  20058579
=003  SE-LIBR
=005  20170216182631.0
=008  170216s2013\\\\us\|||||||||||00|\1|eng\c
=020  \\$a9780871404206
=100  1\$aBallard, J. G.$1http://viaf.org/viaf/9842556$4http://rdaregistry.info/Elements/w/object/P10061
=240  10$aMiracles of life$1http://www.wikidata.org/entity/Q6872514
=245  10$aMiracles of Life: Shanghai to Shepperton, an Autobiography /$cJ. G. Ballard
=260  \\$bLiveright Publishing Corporation,$c2013
=300  \\$a272 s. ;$c2.3 cm
=336  \\$atext$btxt$2rdacontent$0http://rdaregistry.info/termList/RDAContentType/1020
=337  \\$aunmediated$bn$2rdamedia$0http://rdaregistry.info/termList/RDAMediaType/1007
=338  \\$avolume$bnc$2rdacarrier$0http://rdaregistry.info/termList/RDACarrierType/1049
=380  \\$aFiction

