=LDR  01818cgm a22003977c 4500
=001  991502280234702201
=003  BIBSYS
=005  20150202155614.0
=007  vd\|v||||
=008  150202s2001\\\\xx#|||||||||||q###v|eng|d
=020  \\$a9789058490674
=040  \\$aNO-TrBIB$bnob$ekatreg
=130  \\$aThe Atrocity exhibition$1https://www.imdb.com/title/tt0197256/
=245  04$aThe Atrocity exhibition$cdirector Jonathan Weiss
=260  \\$aAmsterdam$bFilmfreak Distributie$c2001
=300  \\$a1 videoplate (DVD-video) (105 min)$blyd, kol.$e1 hefte
=336  \\$atodimensjonalt levende bilde$2rdacontent$0http://rdaregistry.info/termList/RDAContentType/1023
=337  \\$avideo$2rdamedia$0http://rdaregistry.info/termList/RDAMediaType/1008
=338  \\$avideoplate$2rdacarrier$0http://rdaregistry.info/termList/RDACarrierType/1060
=344  \\$adigital$2rda
=345  \\$avideodisc
=346  \\$aDVD
=347  \\$avideo file$bDVD$2rda
=380  \\$afilmverk$0https://schema.nb.no/Bibliographic/Values/V1002
=500  \\$a"With audio commentary by J.G. Ballard & Jonathan Weiss" Omslaget
=500  \\$aDrama, grøsser
=500  \\$aEngelsk tale, franske, nederlandske, tyske og spanske undertekster
=500  \\$aFilmen bygger på en roman av J.G. Ballard
=500  \\$aKodet for region 0 (PAL)
=500  \\$aMusikk: J.G. Thirlwell (Foetus)
=500  \\$aRolleliste: Victor Slezak, Anna Juvander, Michael Kirby
=500  \\$aVFC46369
=655  \7$aSpillefilmer$2khib
=700  1\$aBallard, J.G.$4cmm$1http://viaf.org/viaf/9842556$4http://rdaregistry.info/Elements/m/object/P30331
=700  1\$aJuvander, Anna$4act$1https://www.themoviedb.org/person/543508-anna-juvander
=700  1\$aKirby, Michael$4act$1https://www.themoviedb.org/person/188334-michael-kirby
=700  1\$aSlezak, Victor$4act$1https://www.themoviedb.org/person/10379-victor-slezak
=700  1\$aThirlwell, J.G.$4cmp$1https://www.themoviedb.org/person/1486271-j-g-thirlwell
=700  1\$aWeiss, Jonathan$4drt$4http://rdaregistry.info/Elements/m/object/P30331$4cmm
=758  \\$aThe atrocity exhibition$1http://viaf.org/viaf/182227002$4http://rdaregistry.info/Elements/w/object/P10129

