=LDR  04107pam a2200541 a 4500
=001  999919900618102201
=003  BIBSYS
=005  20181024230606.0
=008  880603s1989\\\\ilu\\\\\ob\\\s10100\eng\\
=010  \\$a   88018299
=020  \\$a0-585-18657-X
=040  \\$aDLC$cDLC$dHLS
=041  \\$aeng
=050  0\$aPN3435$b.M55 1989
=082  0\$a809.3/876$219
=245  00$aMindscapes, the geographies of imagined worlds /$cedited by George E. Slusser and Eric S. Rabkin.$h[electronic resource]
=260  0\$aCarbondale :$bSouthern Illinois University Press,$cc1989.
=300  \\$a1 online resource (xiii, 302 pages )
=336  \\$atext$btxt$0http://rdaregistry.info/termList/RDAContentType/1020
=337  \\$acomputer$bc$0http://rdaregistry.info/termList/RDAMediaType/1003
=338  \\$aonline resource$bcr$0http://rdaregistry.info/termList/RDACarrierType/1018
=336  \\$atekst$0http://rdaregistry.info/termList/RDAContentType/1020
=337  \\$adatamaskin$0http://rdaregistry.info/termList/RDAMediaType/1003
=338  \\$aonline ressurs$0http://rdaregistry.info/termList/RDACarrierType/1018
=380  \\$aSpråkbasert verk$1https://schema.nb.no/Bibliographic/Values/V1000
=440  \0$aAlternatives
=490  0\$aAlternatives Mindscapes, the geographies of imagined worlds
=500  \\$aEssays presented at the Ninth Annual J. Lloyd Eaton Conference on Science Fiction and Fantasy Literature held Apr. 10-12, 1987 at the University of California, Riverside.
=504  \\$aIncludes bibliographies and index.
=505  00$tIntroduction: The concept of mindscape /$rGeorge E. Slusser and Eric S. Rabkin --$tNature : laws and surprises /$rPoul Anderson --$tThe survival of myth in science fiction /$rWendy Doniger O'Flaherty --$t"The swelling act" : the psychoanalytic geography of fantasy /$rRonald J. Heckelman --$tMetaphorical drive, or, Why we're such good liars /$rDavid Brin --$tThe playing fields of Eden /$rFrank McConnell --$tBookscapes : science fiction in the library of Babel /$rGeorge E. Slusser --$tBelief and other worlds : Ktesias and the founding of "Indian wonders" /$rJames Romm --$tUniversal mindscape : the Gaia hypothesis in science fiction /$rJack G. Voller --$tRecent feminist utopias : world building and strategies for social change /$rPeter Fitting --$tTime and vast eternities : landscapes of immortality in Orson Scott Card's fiction /$rMichael R. Collings --$tAvenues of power : cities as mindscapes of politics /$rPascal J. Thomas --$tThe two landscapes of J.G. Ballard's Concrete Island /$rReinhart Lutz --$tNeuroscience fiction : the Roman à synaptic cleft /$rJoseph D. Miller --$tIslands in the sky : space stations in the universe of science fiction /$rGary Westfahl --$tWhat really happened on Mulberry Street? /$rBill Lee --$tInfinity in your back pocket : pocket universes and adjacent worlds /$rMax P. Belin --$tLandscape and the Romantic dilemma : myth and metaphor in science-fiction narrative /$rWilliam Lomax --$t"The adjutant" : suggestions for maps in time and space from Greene to Johnson to Lem /$rDonald M. Hassler --$tThe ultimate mindscape : Dante's Paradiso /$rJean-Pierre Barricelli --$tPascal's terror /$rGregory Benford --$tThe revolutionary mindscape /$rGary Kern --$tSuggestions for a typology of mindscapes /$rDavid N. Samuelson.
=546  \\$aEnglish
=650  \0$aFantasy literature$xHistory and criticism$vCongresses.
=650  \0$aFantasy literature$xHistory and criticism$xCongresses
=650  \0$aGeographical myths in literature$vCongresses.
=650  \0$aImaginary places in literature$vCongresses.
=650  \0$aImaginary places in literature$xCongresses
=650  \0$aScience fiction$xHistory and criticism$vCongresses.
=650  \0$aScience fiction$xHistory and criticism$xCongresses
=650  \7$aLanguages & Literatures$2HILCC
=650  \7$aLiterature - General$2HILCC
=655  \\$aElectronic books
=655  \7$aConference proceedings.$2fast
=655  \7$aCriticism, interpretation, etc.$2fast
=655  \7$aRiverside (Calif., 1987)$2swd
=700  1\$aRabkin, Eric S.$4edt$4edc
=700  1\$aSlusser, George Edgar.$4edt$edc
=711  2\$aEaton Conference on Science Fiction and Fantasy Literature$n(9th :$d1987 :$cUniversity of California, Riverside)
=776  \\$z0-8093-1454-1

