=LDR  01442cam a2200373 a 4500
=001  11192768
=003  SE-LIBR
=005  20171026120946.0
=008  081015s2007\\\\caua\\\\\\\\\\000\0aeng\\
=015  \\$aGBA692373$2bnb
=016  7\$a013590157$2Uk
=020  \\$a0-9714578-3-2 (pbk.)
=020  \\$a978-0-9714578-3-6 (pbk.)
=041  1\$aeng$hfre
=043  \\$ae-sp---
=050  \4$aN7113.D3$bA2 2006
=082  04$a759.6$222
=082  04$a759.6$aB$222
=084  \\$aIbz Dalí, Salvador$2kssb/8
=100  1\$aDalí, Salvador,$d1904-1989$0183291$0268501$1http://viaf.org/viaf/64004109$4http://rdaregistry.info/Elements/w/object/P10058
=240  10$aJournal d'un génie.$lEnglish$1http://viaf.org/viaf/174484848
=245  10$aDiary of a genius /$cSalvador Dalí ; [introductory essay by J.G. Ballard; translated from the French by Richard Howard]
=250  \\$aNew ed.
=260  \\$a[Los Angeles, Calif.?] :$bSolar Books;$aLondon :$bTurnaround [distributor],$c2006
=300  \\$a191 pages :$billustrations ;$c21 cm.
=336  \\$atext$btxt$2rdacontent$0http://rdaregistry.info/termList/RDAContentType/1020
=337  \\$aunmediated$bn$2rdamedia$0http://rdaregistry.info/termList/RDAMediaType/1007
=338  \\$avolume$bnc$2rdacarrier$0http://rdaregistry.info/termList/RDACarrierType/1049
=440  \0$aSolar art directives ;$v1
=546  \\$aTranslated from the French.
=600  14$aDalí, Salvador,$d1904-1989$0183291$0268501$1http://viaf.org/viaf/64004109
=650  \0$aSurrealism (Literature)
=650  \7$aKonstnärer$zSpanien$2sao
=650  \7$aSurrealism (litteratur)$2sao$0163347
=655  \7$aDagböcker$2saogf$0243975$0352952
=700  1\$aHoward, Richard,$d1929-$4trl
=700  1\$aBallard, J. G.$d1930-2009$4aui$1http://viaf.org/viaf/9842556

