=LDR  00973caa a22002173u 4500
=001  006117442
=003  UK
=005  20211231165902.0
=008  911121s1992\\\\enk\\\\||\\\\\000\||eng\\
=019  a\$aG01720252
=020  \\$a0313279225
=040  \\$aBook Data$dUk
=100  1\$aStephenson, Gregory$1http://viaf.org/viaf/70381159$4http://rdaregistry.info/Elements/w/object/P10061
=240  \\$aOut of the night and into the dream$1http://viaf.org/viaf/70381159/outofthenightandintothedream
=245  00$aOut of the night and into the dream :$bA thematic study of the fiction of J G Ballard.
=260  \\$bGreenwood Press,$c1991.
=336  \\$atekst$0http://rdaregistry.info/termList/RDAContentType/1020
=337  \\$auformidlet$0http://rdaregistry.info/termList/RDAMediaType/1007
=338  \\$abind$0http://rdaregistry.info/termList/RDACarrierType/1049
=380  \\$aSpråkbasert verk$1https://schema.nb.no/Bibliographic/Values/V1000
=540  \\$aBritish Library not licensed to copy$c0$5Uk

