=LDR  02310nam a2200469uc 4500
=001  1187661414
=003  DE-101
=005  20190604073321.0
=007  cr||||||||||||
=008  190603s2019\\\\sz\|||||o||||\00||||ger\\
=015  \\$a19,O07$2dnb
=016  7\$2DE-101$a1187661414
=020  \\$a3035802149$93-0358-0214-9
=020  \\$a9783035802146$9978-3-0358-0214-6
=024  3\$a9783035802146
=024  7\$2urn$aurn:nbn:de:101:1-2019060304161010353966
=040  \\$a1140$bger$cDE-101$d9999
=041  \\$ager$heng
=044  \\$cXA-CH
=082  74$83\p$a820$aB$qDE-101$223sdnb
=100  1\$aBallard, J.G.$eVerfasser$4aut$1http://viaf.org/viaf/9842556$4http://rdaregistry.info/Elements/w/object/P10061
=240  10$aKingdom Come$1http://viaf.org/viaf/3952163159958701640003
=245  10$aDas Reich kommt$cJ.G. Ballard
=264  \1$aZürich$bDiaphanes$c2019
=300  \\$aOnline-Ressource, 368 Seiten
=336  \\$aText$btxt$2rdacontent$0http://rdaregistry.info/termList/RDAContentType/1020
=337  \\$aComputermedien$bc$2rdamedia$0http://rdaregistry.info/termList/RDAMediaType/1003
=338  \\$aOnline-Ressource$bcr$2rdacarrier$0http://rdaregistry.info/termList/RDACarrierType/1018
=336  \\$atekst$0http://rdaregistry.info/termList/RDAContentType/1020
=337  \\$adatamaskin$0http://rdaregistry.info/termList/RDAMediaType/1003
=338  \\$aonline ressurs$0http://rdaregistry.info/termList/RDACarrierType/1018
=347  \\$adata file$2rda
=380  \\$aSpråkbasert verk$1https://schema.nb.no/Bibliographic/Values/V1000
=490  0\$aLiteratur
=583  1\$aArchivierung/Langzeitarchivierung gewährleistet$5DE-101$2pdager
=655  \7$0(DE-101)1010008188$aErzählende Literatur: Gegenwartsliteratur ab 1945$2gatbeg
=655  \7$81\p$0(DE-588)1071854844$0https://d-nb.info/gnd/1071854844$0(DE-101)1071854844$aFiktionale Darstellung$2gnd-content
=700  1\$0(DE-588)111039894$0https://d-nb.info/gnd/111039894$0(DE-101)111039894$aSchönfeld, Eike$d1949-$eÜbersetzer$4trl$2gnd
=710  2\$82\p$0(DE-588)1064211070$0https://d-nb.info/gnd/1064211070$0(DE-101)1064211070$aDiaphanes$eVerlag$4pbl$2gnd
=776  08$iErscheint auch als$nDruck-Ausgabe$aBallard, J. G., 1930-2009$tDas Reich kommt$dZürich : Diaphanes, 2019$h365 Seiten$w(DE-101)1173345353$b1. Auflage
=776  08$iErscheint auch als$nOnline-Ausgabe$z9783035802153
=856  \0$uhttps://d-nb.info/1187661414/34$xLangzeitarchivierung Nationalbibliothek
=856  4\$qepub
=856  40$uhttps://nbn-resolving.org/urn:nbn:de:101:1-2019060304161010353966$xResolving-System

