=LDR  00845cam a22002412a 4500
=001  011691308
=003  UkOxU
=005  20090706100619.0
=008  500101r19721970nyu\\\\\\\\\\\000\1\eng\d
=020  \\$a0394482778
=040  \\$aDLC$cDLC$dEQO
=050  \0$aPR6052.A46
=050  \0$aPZ4.B1893$bLo3
=082  \\$a823/.9/14
=092  \\$aD0503362939
=100  1\$aBallard, J. G.$d1930-2009$1http://viaf.org/viaf/9842556$4http://rdaregistry.info/Elements/w/object/P10061
=240  10$aAtrocity exhibition$1http://viaf.org/viaf/182227002
=245  10$aLove and napalm: export U.S.A. /$c[by] J. G. Ballard. Pref. by William S. Burroughs
=250  \\$a[1st American ed.]
=260  \\$aNew York :$bGrove,$c[1972, c1969]
=300  \\$a156 pages ;$c21 cm
=336  \\$atext$btxt$2rdacontent$0http://rdaregistry.info/termList/RDAContentType/1020
=337  \\$aunmediated$bn$2rdamedia$0http://rdaregistry.info/termList/RDAMediaType/1007
=338  \\$avolume$bnc$2rdacarrier$0http://rdaregistry.info/termList/RDACarrierType/1049
=380  \\$aFiction
=500  \\$aFirst published in 1970 under title: The atrocity exhibition
=650  \0$aScience fiction, English.

