=LDR  04481nam a2200529 a 4500
=001  999919913064602201
=003  BIBSYS
=005  20200520144314.0
=006  m\\\\\o\\d\|\\\\\\
=007  cr\cn|||||||||
=008  110706s2011\\\\ne\\\\\\ob\\\\001\0\eng\d
=020  \\$a1-283-16216-4
=020  \\$a94-012-0008-4
=020  \\$a9786613162168
=024  7\$a10.1163/9789401200080$2DOI
=040  \\$aMiAaPQ$cMiAaPQ$dMiAaPQ
=041  \\$aeng
=050  \4$aPR889$b.E84 2011
=072  \7$aDS$2bicssc
=072  \7$aLIT$x006000$2bisacsh
=072  \7$aLIT000000$2bisacsh
=082  \\$a823/.91409
=245  00$aEthics and trauma in contemporary British fiction$h[electronic resource] /$cedited by Susana Onega and Jean-Michel Ganteau.
=260  \\$aAmsterdam :$bRodopi,$c2011.
=300  \\$a330 pages.
=336  \\$atext$btxt$0http://rdaregistry.info/termList/RDAContentType/1020
=337  \\$acomputer$bc$0http://rdaregistry.info/termList/RDAMediaType/1003
=338  \\$aonline resource$bcr$0http://rdaregistry.info/termList/RDACarrierType/1018
=336  \\$atekst$0http://rdaregistry.info/termList/RDAContentType/1020
=337  \\$adatamaskin$0http://rdaregistry.info/termList/RDAMediaType/1003
=338  \\$aonline ressurs$0http://rdaregistry.info/termList/RDACarrierType/1018
=347  \\$adata file$2rda
=380  \\$aSpråkbasert verk$1https://schema.nb.no/Bibliographic/Values/V1000
=490  1\$aDQR studies in literature ;$v48
=500  \\$aBibliographic Level Mode of Issuance: Monograph
=504  \\$aIncludes bibliographical references and index.
=505  00$tPreliminary material /$rEditors Ethics and Trauma in Contemporary British Fiction -- $tINTRODUCTION /$rJEAN-MICHEL GANTEAU and SUSANA ONEGA -- $tREADING TRAUMA IN PAT BARKER'S REGENERATION TRILOGY /$rLENA STEVEKER -- $tTHE ETHICAL CLOCK OF TRAUMA IN EVA FIGES' WINTER JOURNEY /$rSILVIA PELLICER-ORTÍN -- $t"NOBODY'SMEAT": REVISITING RAPE AND SEXUAL TRAUMA THROUGH ANGELA CARTER /$rCHARLEY BAKER -- $t"A NEW ALGEBRA": THE POETICS AND ETHICS OF TRAUMA IN J.G. BALLARD'S THE ATROCITY EXHIBITION /$rJAKOB WINNBERG -- $tTRAUMA AS THE NEGATION OF AUTONOMY: MICHAEL MOORCOCK'S MOTHER LONDON /$rJEAN-MICHEL GANTEAU -- $tWHERE MADNESS LIES: HOLOCAUST REPRESENTATION AND THE ETHICS OF FORM IN MARTIN AMIS' TIME'S ARROW /$rMARÍA JESÚS MARTÍNEZ-ALFARO -- $tWORLDWAR II FICTION AND THE ETHICS OF TRAUMA /$rGERD BAYER -- $tA TERRIBLE BEAUTY: ETHICS, AESTHETICS AND THE TRAUMA OF GAYNESS IN ALAN HOLLINGHURST'S THE LINE OF BEAUTY /$rJOSÉ M. YEBRA -- $t"THE ETERNAL LOOP OF SELF-TORTURE": ETHICS AND TRAUMA IN IANMCEWAN'S ATONEMENT /$rGEORGES LETISSIER -- $tCONJUNCTURES OF UNEASINESS: TRAUMA IN FAY WELDON'S THE HEART OF THE COUNTRY AND IN IAN MCEWAN'S ON CHESIL BEACH /$rANGELA LOCATELLI -- $tREPRESENTING THE CHILD SOLDIER: TRAUMA, POSTCOLONIALISM AND ETHICS IN DELIA JARRETTMACAULEY'SMOSES, CITIZEN AND ME /$rANNE WHITEHEAD -- $tTHE TRAUMA PARADIGM AND THE ETHICS OF AFFECT IN JEANETTE WINTERSON'S THE STONE GODS /$rSUSANA ONEGA -- $tNOTES ON CONTRIBUTORS /$rEditors Ethics and Trauma in Contemporary British Fiction -- $tINDEX /$rEditors Ethics and Trauma in Contemporary British Fiction.
=520  \\$aThis volume is the first book of criticism to provide a systematic analysis of a corpus of emblematic contemporary British fictions from the combined perspective of trauma theory and ethics. Although the fictional work of writers such as Graham Swift has already been approached from this perspective, none of the individual works or authors under analysis in the twelve essays collected in this volume has been given such a systematic and in-depth scrutiny to date. This study, which is addressed to academics and university students of British literature and culture, focuses on the literary representation of trauma in key works by Martin Amis, J. G. Ballard, Pat Barker, John Boyne, Angela Carter, Eva Figes, Alan Hollinghurst, Delia Jarrett-Macauley, A.L. Kennedy, Ian McEwan, Michael Moorcock, Fay Weldon and Jeanette Winterson, within the context of the "ethical turn" in the related fields of literary theory and moral philosophy that has influenced literary criticism over the last three decades, with a special focus on the ethics of alterity, the ethics of truths, and deconstructive ethics.
=546  \\$aEnglish
=650  \0$aEnglish fiction$y20th century.
=650  \0$aEnglish fiction$y21st century.
=650  \0$aEthics in literature.
=650  \0$aPsychic trauma in literature.
=655  \4$aElectronic books.
=700  1\$aGanteau, Jean-Michel.$4edc
=700  1\$aOnega Jaén, Susana.$4edc
=776  \\$z90-420-3326-6
=830  \0$aDQR studies in literature ;$v48.

