=LDR  01502cam a2200373 c 4500
=001  999007476414702201
=003  BIBSYS
=005  20211031013603.0
=007  cr||||||||||||
=007  ta
=008  150206s1972\\\\no#|||||\|||||000|1|nob|\
=015  \\$a7200303$2nbf
=020  \\$a8205007853
=040  \\$aNO-OsNB$bnob$ekatreg
=041  1\$heng
=044  \\$cno
=082  74$a 823$qNO-OsNB$23/nor
=100  1\$aBallard, J.G.$d1930-2009$0(NO-TrBIB)90199005$1http://viaf.org/viaf/9842556$4http://rdaregistry.info/Elements/w/object/P10061
=245  10$aLuftspeil$cJ.G. Ballard ; oversettelse og tillegg ved Jon Bing
=246  1\$aVermilion Sands$iOriginaltittel
=260  \\$aOslo$bGyldendal$c1972
=300  \\$a191 s.
=336  \\$atekst$0http://rdaregistry.info/termList/RDAContentType/1020
=337  \\$auformidlet$0http://rdaregistry.info/termList/RDAMediaType/1007
=338  \\$abind$0http://rdaregistry.info/termList/RDACarrierType/1049
=347  \\$adata file$2rda
=380  \\$aSpråkbasert verk$1https://schema.nb.no/Bibliographic/Values/V1000
=490  1\$aLanterne science fiction
=490  1\$aLanterne-bøkene$v164
=533  \\$aElektronisk reproduksjon$b[Norge]$cNasjonalbiblioteket Digital$d2012-07-12
=653  \\$askjønnlitteratur$aroman$afantasy$ascience$afiction
=700  1\$aBing, Jon$4trl
=830  \0$aLanterne science fiction
=830  \0$aLanterne-bøkene$v164
=856  41$3Fulltekst$uhttps://www.nb.no/search?q=oaiid:"oai:nb.bibsys.no:999007476414702202"&mediatype=bøker$yNettbiblioteket$zSøke-URL

