=LDR  01628cam a2200385 c 4500
=001  998900368454702201
=003  BIBSYS
=005  20211031115801.0
=007  cr||||||||||||
=007  ta
=008  150206s1989\\\\no#|||||\|||||000|1|nob|d
=015  \\$a8503714$2nbf
=020  \\$a8252518559$qib.$cNkr 99.50
=040  \\$aNO-TrBIB$bnob$ekatreg
=041  1\$heng
=044  \\$cno
=080  \\$ah
=082  74$a823$qNO-OsNB$24/nor
=100  1\$aBallard, J.G.$d1930-2009$0(NO-TrBIB)90199005$1http://viaf.org/viaf/9842556$4http://rdaregistry.info/Elements/w/object/P10061
=240  10$aEmpire of the sun$1http://viaf.org/viaf/180997771
=245  10$aSolens rike$cJ. G. Ballard ; oversatt av Kari og Kjell Risvik ; etterord av Yngvar Ustvedt
=246  1\$aEmpire of the sun$iOriginaltittel
=260  \\$aStabekk$bDen norske bokklubben$c1989
=300  \\$a331 s.$c22 cm
=336  \\$atekst$0http://rdaregistry.info/termList/RDAContentType/1020
=337  \\$auformidlet$0http://rdaregistry.info/termList/RDAMediaType/1007
=338  \\$abind$0http://rdaregistry.info/termList/RDACarrierType/1049
=347  \\$adata file$2rda
=380  \\$aSpråkbasert verk$1https://schema.nb.no/Bibliographic/Values/V1000
=500  \\$a1. norske utg. 1985.
=500  \\$aUtgitt første gang på norsk: Oslo : Aschehoug, 1985
=533  \\$aElektronisk reproduksjon$b[Norge]$cNasjonalbiblioteket Digital$d2014-09-17
=653  \\$averdenskrigen$a1939-1945$afortellinger
=700  1\$aRisvik, Kari$d1932-$4trl$0(NO-TrBIB)90181750$1http://viaf.org/viaf/106222856
=700  1\$aRisvik, Kjell$d1941-$4trl$0(NO-TrBIB)90330576$1http://viaf.org/viaf/66142208
=856  41$3Fulltekst$uhttps://www.nb.no/search?q=oaiid:"oai:nb.bibsys.no:998900368454702202"&mediatype=bøker$yNettbiblioteket$zSøke-URL

