=LDR  00558nam a22001693i 4500
=001  004373050
=003  FI-MELINDA
=005  20010626181826.0
=008  950324s1985\\\\xx\|||||||||||||||||eng||
=020  \\$a0-671-61451-7
=041  0\$aeng
=100  1\$aBallard, J. G.$1http://viaf.org/viaf/9842556$4http://rdaregistry.info/Elements/w/object/P10061
=245  14$aThe best short stories of J. G. Ballard.
=260  \\$aNew York :$bPocket Books,$c1985.
=336  \\$ateksti$btxt$2rdacontent$0http://rdaregistry.info/termList/RDAContentType/1020
=337  \\$akäytettävissä ilman laitetta$bn$2rdamedia$0http://rdaregistry.info/termList/RDAMediaType/1007
=338  \\$anide$bnc$2rdacarrier$0http://rdaregistry.info/termList/RDAContentType/1020
=380  \\$aSpråkbasert verk$1https://schema.nb.no/Bibliographic/Values/V1000

