=LDR  01218nam a22002773  4500
=001  001802009
=003  UK
=005  20130521173000.0
=008  950331|1975||||enk\\\\||\\\\||||\||eng\\
=019  x\$a158466021X
=020  \\$a0552097489
=040  \\$aUk$cUk
=245  14$aThe inner landscape. [Stories by] Mervyn Peake, J. G. Ballard, Brian W. Aldiss. (Reissued.).
=260  \\$aEaling :$bCorgi Books, Transworld Publishers,$c1975.
=300  \\$a186 pages ;$c18 cm.
=336  \\$atekst$0http://rdaregistry.info/termList/RDAContentType/1020
=337  \\$auformidlet$0http://rdaregistry.info/termList/RDAMediaType/1007
=338  \\$abind$0http://rdaregistry.info/termList/RDACarrierType/1049
=380  \\$aSpråkbasert verk$1https://schema.nb.no/Bibliographic/Values/V1000
=490  0\$a(Corgi SF collector's library.)
=500  \\$aPrinted in New York.
=700  12$aAldiss, Brian W.$d1925-$tDanger, Religion!$1http://viaf.org/viaf/183421260
=700  12$aBallard, J. G.$d1930-2009$tThe voices of time$1http://viaf.org/viaf/311471559
=700  12$aPeake, Mervyn Laurence$d1911-1968$tBoy in darkness$1http://viaf.org/viaf/309308512
=720  \\$aINNER LANDSCAPE$emain entry
=866  \0$z[Another copy.] The inner landscape. 1975.

