=LDR  00848nam a2200229   4500
=001  bimo0001987236
=003  SpMaBN
=005  20200515020506.6
=008  041122s2004\\\\sp\|\\\\\\\\\\|||\||spa\\
=016  7\$abimoBNE20041078994$2SpMaBN
=017  \\$aB 40052-2004$bOficina Depósito Legal Barcelona
=020  \\$a84-450-7517-9
=040  \\$aSpMaBN$bspa$cSpMaBN$erdc
=041  1\$aspa$heng
=080  \\$a821.111-31"19"
=100  1\$aBallard, J. G.$d1930-2009$0XX1721261$1http://viaf.org/viaf/9842556$4http://rdaregistry.info/Elements/w/object/P10061
=240  10$aMillenium people$lEspañol$1http://viaf.org/viaf/453162608678949820008
=245  10$aMilenio negro$h[Texto impreso]$cJ.G. Ballard ; [traducción de Marcial Souto]
=250  \\$a1ª ed.
=260  \\$aBarcelona$bMinotauro$c2004
=300  \\$a288 pages$c23 cm
=336  \\$atext$btxt$2rdacontent$0http://rdaregistry.info/termList/RDAContentType/1020
=337  \\$aunmediated$bn$2rdamedia$0http://rdaregistry.info/termList/RDAMediaType/1007
=338  \\$avolume$bnc$2rdacarrier$0http://rdaregistry.info/termList/RDACarrierType/1049
=594  \\$aTraducción de: Millenium people
=700  1\$aSouto, Marcial$4trl$1https://isni.org/isni/0000000119351140

