=LDR  01249nam a2200289 c 4500
=001  901227854
=003  DE-101
=005  20171202152455.0
=007  tu
=008  900924s1990\\\\gw\|||||\||||\00||||ger\\
=015  \\$a90,A41,0990$2dnb
=016  7\$2DE-101$a901227854
=020  \\$a3492033202$cPp. : DM 39.80$93-492-03320-2
=020  \\$a9783492033206$cPp. : DM 39.80$9978-3-492-03320-6
=040  \\$a1200$bger$cDE-101$d9999
=041  \\$ager
=044  \\$cXA-DE
=084  \\$a59$a810$a820$a830$a839$a840$a850$a860$a870$a880$a890$aB$qDE-101$2sdnb
=100  1\$0(DE-588)118656929$0https://d-nb.info/gnd/118656929$0(DE-101)118656929$aBallard, J. G.$d1930-2009$eVerfasser$4aut$2gnd$1http://viaf.org/viaf/9842556$4http://rdaregistry.info/Elements/w/object/P10061
=245  10$aDer Tag der Schöpfung$bRoman$cJ. G. Ballard. Aus dem Engl. von Detlef Neuls
=264  \1$aMünchen$aZürich$bPiper$c1990
=300  \\$a332 S.$c21 cm
=336  \\$aText$btxt$2rdacontent$0http://rdaregistry.info/termList/RDAContentType/1020
=337  \\$aohne Hilfsmittel zu benutzen$bn$2rdamedia$0http://rdaregistry.info/termList/RDAMediaType/1007
=338  \\$aBand$bnc$2rdacarrier$0http://rdaregistry.info/termList/RDACarrierType/1049
=700  12$aBallard, J. G.$d1930-2009$2gnd$tThe day of creation$gdt.$1http://viaf.org/viaf/308025936
=856  42$mB:DE-101$qapplication/pdf$uhttps://d-nb.info/901227854/04$3Inhaltsverzeichnis

