=LDR  01121cam a2200253 i 4500
=001  017015273
=003  UkOxU
=005  20141202165939.0
=008  090615t20092009sp\\\\\\\b\\\\000\0bspa\d
=020  \\$a8498890292$qpaperback
=020  \\$a9788498890297$qpaperback
=040  \\$erda$beng$dUkOxU
=100  1\$aCapanna, Pablo,$d1939-$eauthor.$1http://viaf.org/viaf/11306820$4http://rdaregistry.info/Elements/w/object/P10061
=240  \\$aJ. G. Ballard : el tiempo desolado$1http://viaf.org/viaf/11306820/jgballard
=245  10$aJ. G. Ballard :$bel tiempo desolado /$cPablo Capanna.
=264  \1$aMadrid :$bAlamut,$c[2009].
=264  \4$c©2009
=300  \\$a256 pages ;$c22 cm
=336  \\$atekst$0http://rdaregistry.info/termList/RDAContentType/1020
=337  \\$auformidlet$0http://rdaregistry.info/termList/RDAMediaType/1007
=338  \\$abind$0http://rdaregistry.info/termList/RDACarrierType/1049
=380  \\$aSpråkbasert verk$1https://schema.nb.no/Bibliographic/Values/V1000
=504  \\$aIncludes bibliographical references.
=600  10$aBallard, J. G.$d1930-2009$xCriticism and interpretation.$1http://viaf.org/viaf/9842556

