=LDR  00944nam a2200253 i 4500
=001  bimo0000026675
=003  SpMaBN
=005  20200515011245.6
=008  881010s1987\\\\sp\\\\\\\\\\\\\\\\\\cat\\
=015  \\$a1988-NOV-21300
=016  7\$abimoBNE19910269489$zSAB9000029857$2SpMaBN
=017  \\$aB 9000-1987$bOficina Depósito Legal Barcelona
=020  \\$a84-297-2577-6
=040  \\$aSpMaBN$bspa$cSpMaBN$erdc
=080  \\$a820-31"19"
=100  1\$aBallard, J. G.$d1930-2009$0XX1721261$1http://viaf.org/viaf/9842556$4http://rdaregistry.info/Elements/w/object/P10061
=240  10$aEmpire of the sun$lCatalán$1http://viaf.org/viaf/180997771
=245  12$aL'imperi del sol$h[Texto impreso]$cJ.G. Ballard ; traduccion de Carles Boluda i Torrella
=250  \\$a[1ª ed.]
=260  \\$aBarcelona$bEdicions 62$c1987
=300  \\$a269 pages$c20 cm
=336  \\$atext$btxt$2rdacontent$0http://rdaregistry.info/termList/RDAContentType/1020
=337  \\$aunmediated$bn$2rdamedia$0http://rdaregistry.info/termList/RDAMediaType/1007
=338  \\$avolume$bnc$2rdacarrier$0http://rdaregistry.info/termList/RDACarrierType/1049
=440  \3$aEl balancí$v192
=500  \\$aTraducción de: Empire of the sun
=700  1\$aBoluda i Torrella, Carles$4trl

