=LDR  00818cam a22002297i 4500
=001  007302195
=003  FI-MELINDA
=005  20191008132011.0
=008  060614s1995\\\\fi\||||\\\\\\\00|\||eng\d
=020  \\$a978-0-312-27844-1$qnidottu
=041  \\$aeng
=084  \\$a84.5$2ykl
=100  1\$aBallard, J. G.$1http://viaf.org/viaf/9842556$4http://rdaregistry.info/Elements/w/object/P10061
=245  14$aThe Best short stories of J. G. Ballard.
=260  \\$aNew York :$bPicador,$c1995.
=300  \\$a302 s. ;$c21 cm
=336  \\$ateksti$btxt$2rdacontent$0http://rdaregistry.info/termList/RDAContentType/1020
=337  \\$akäytettävissä ilman laitetta$bn$2rdamedia$0http://rdaregistry.info/termList/RDAMediaType/1007
=338  \\$anide$bnc$2rdacarrier$0http://rdaregistry.info/termList/RDAContentType/1020
=380  \\$aSpråkbasert verk$1https://schema.nb.no/Bibliographic/Values/V1000
=500  \\$aIntroduction by Anthony Burgess. - Valikoima ilmestynyt alun perin 1978.
=650  \7$anovellit$xtieteiskirjallisuus$zIso-Britannia$2kaunokki
=700  1\$aBurgess, Anthony.$4aui$1http://viaf.org/viaf/71388189

