=LDR  00966cam a2200289   4500
=001  019560616
=003  UkOxU
=005  20130821100430.0
=008  730925s1973\\\\nyu\\\\\\\\\\\000\1\eng\\
=010  \\$a73084112
=020  \\$a0374130728
=040  \\$aDLC$cDLC$dDLC$dUkOxU
=049  \\$jCU$k9873084112$ll$m+
=050  00$aPZ4.B1893$bCp3$aPR6052.A46
=082  00$a823/.9/14
=090  \\$aLCo
=100  1\$aBallard, J. G.$d1930-2009$1http://viaf.org/viaf/9842556$4http://rdaregistry.info/Elements/w/object/P10061
=240  10$aCrash$1http://viaf.org/viaf/305922109
=245  10$aCrash /$c[by] J. G. Ballard.
=260  \\$aNew York :$bFarrar, Straus and Giroux,$c[1973]
=300  \\$a223 pages$c21 cm.
=336  \\$atext$btxt$2rdacontent$0http://rdaregistry.info/termList/RDAContentType/1020
=337  \\$aunmediated$bn$2rdamedia$0http://rdaregistry.info/termList/RDAMediaType/1007
=338  \\$avolume$bnc$2rdacarrier$0http://rdaregistry.info/termList/RDACarrierType/1049
=380  \\$aFiction
=650  \0$aMale friendship$vFiction.
=650  \0$aObsessive-compulsive disorder$vFiction.
=650  \0$aTraffic accident victims$vFiction.
=650  \0$aTraffic accidents$vFiction.
=650  \0$aWomen$xCrimes against$vFiction.
=655  \7$aPsychological fiction.$2lcsh

