=LDR  00943nam a2200253   4500
=001  bimo0001830150
=003  SpMaBN
=005  20200515020100.6
=008  030123s2002\\\\sp\|\\\\\\\\\\|||\||spa\\
=016  7\$abimoBNE20030026514$2SpMaBN
=017  \\$aB 43100-2002$bOficina Depósito Legal Barcelona
=020  \\$a84-450-7419-9
=040  \\$aSpMaBN$bspa$cSpMaBN$erdc
=041  1\$aspa$heng
=080  \\$a821.111-31"19"
=100  1\$aBallard, J. G.$d1930-2009$0XX1721261$1http://viaf.org/viaf/9842556$4http://rdaregistry.info/Elements/w/object/P10061
=240  10$aMyths of the near future$lEspañol$1http://viaf.org/viaf/311468611
=245  10$aMitos del futuro próximo$h[Texto impreso]$cJ.G. Ballard ; [traducción de Marcial Souto]
=250  \\$a1ª ed. en esta colección
=260  \\$aBarcelona$bMinotauro$c2002
=300  \\$a233 pages$c18 cm
=336  \\$atext$btxt$2rdacontent$0http://rdaregistry.info/termList/RDAContentType/1020
=337  \\$aunmediated$bn$2rdamedia$0http://rdaregistry.info/termList/RDAMediaType/1007
=338  \\$avolume$bnc$2rdacarrier$0http://rdaregistry.info/termList/RDACarrierType/1049
=490  1\$aAutores
=594  \\$aTraducción de: Myths of the near future
=700  1\$aSouto, Marcial$4trl$1https://isni.org/isni/0000000119351140
=830  \0$aAutores (Barcelona)

