=LDR  01344cam a22003017a 4500
=001  11496404
=003  SE-LIBR
=005  20110204103444.0
=008  090703s2009\\\\xxuac\\\\\\\\\00|\0\eng|c
=020  \\$a0-300-15436-4 (hbk.) :$c¹19.99
=020  \\$a978-0-300-15436-8 (hbk.) :$c¹19.99
=040  \\$aStDuBDS$cStDuBDS$dH
=050  \4$aPN98
=082  04$a809.933251$222
=084  \\$aNoea.07$2kssb/8
=100  1\$aWood, Frances,$d1948-$1http://viaf.org/viaf/38092539$4http://rdaregistry.info/Elements/w/object/P10061
=240  \\$aThe lure of China : writers from Marco Polo to J.G. Ballard$1http://viaf.org/viaf/4129164782053308600001
=245  14$aThe lure of China :$bwriters from Marco Polo to J.G. Ballard /$cFrances Wood.
=260  \\$aNew Haven, [Conn.] ;$aLondon :$bYale University Press,$c2009.
=300  \\$a283 pages :$billustrations (some color), portraits (some color) ;$c22 cm.
=336  \\$atekst$0http://rdaregistry.info/termList/RDAContentType/1020
=337  \\$auformidlet$0http://rdaregistry.info/termList/RDAMediaType/1007
=338  \\$abind$0http://rdaregistry.info/termList/RDACarrierType/1049
=380  \\$aSpråkbasert verk$1https://schema.nb.no/Bibliographic/Values/V1000
=504  \\$aIncludes bibliographical references and index.
=650  \0$aTravel in literature.
=650  \7$aResenärer$zKina$2sao
=651  \0$aChina$xIn literature.

