=LDR  01333pam a2200337 cc4500
=001  979686768
=003  DE-101
=005  20171201234825.0
=007  tu
=008  060511s2007\\\\gw\|||||\||||\00||||ger\\
=015  \\$a07,A24,1186$z06,N23,1682$2dnb
=016  7\$2DE-101$a979686768
=020  \\$a345352229X$ckart. : EUR 10.95$93-453-52229-X
=020  \\$a9783453522299$ckart. : EUR 10.95$9978-3-453-52229-9
=024  3\$a9783453522299
=040  \\$a1245$bger$cDE-101$d9999
=041  \\$ager$heng
=044  \\$cXA-DE-BY
=082  74$a820$aB$qDE-101$222sdnb
=090  \\$ab
=100  1\$0(DE-588)118656929$0https://d-nb.info/gnd/118656929$0(DE-101)118656929$aBallard, J. G.$d1930-2009$eVerfasser$4aut$2gnd$1http://viaf.org/viaf/9842556$4http://rdaregistry.info/Elements/w/object/P10061
=245  10$aGesammelte Erzählungen$n[1].$pDie Stimmen der Zeit / [dt. Übers. von Wolfgang Eisermann ...]$cJ. G. Ballard. [Bearb. der Übers.: Angela Herrmann und Hannes Riffel]
=264  31$aMünchen$bHeyne$c2007
=300  \\$a986 S.
=336  \\$aText$btxt$2rdacontent$0http://rdaregistry.info/termList/RDAContentType/1020
=337  \\$aohne Hilfsmittel zu benutzen$bn$2rdamedia$0http://rdaregistry.info/termList/RDAMediaType/1007
=338  \\$aBand$bnc$2rdacarrier$0http://rdaregistry.info/termList/RDACarrierType/1049
=653  \\$a(VLB-PF)BC: Paperback
=653  \\$a(VLB-WG)130: Belletristik / Science Fiction, Fantasy
=653  \\$a(VLB-WI)2: Taschenbuch
=700  1\$0https://d-nb.info/gnd/1204277397$aHerrmann, Angela$eMitwirkender$4trl$1https://d-nb.info/gnd/1204277397
=700  1\$aRiffel, Hannes$eMitwirkender$4trl$1http://viaf.org/viaf/37634899
=773  08$q11$w(DE-101)984138587

