=LDR  01969cam a22004577i 4500
=001  hwzxv5dpfmtmj2w5
=003  SE-LIBR
=005  20210831162157.0
=008  210831s2018\\\\xxk|||||||||||000\f|eng|c
=020  \\$a9780995455078$qhäftad
=040  \\$aBtj$bswe$ei$erda
=041  \\$aeng
=082  04$a823.92$223/swe
=084  \\$aHe.01$2kssb/8
=100  1\$aSellars, Simon$4aut$1http://viaf.org/viaf/58855728$4http://rdaregistry.info/Elements/w/object/P10061
=240  \\$aApplied Ballardianism : memoir from a parallel universe$1http://viaf.org/viaf/58855728/appliedballardianism
=245  10$aApplied Ballardianism :$bmemoir from a parallel universe /$cSimon Sellars.
=264  \1$aFalmouth :$bUrbanomic,$c2018
=300  \\$a392 sidor
=336  \\$atext$btxt$2rdacontent$0http://rdaregistry.info/termList/RDAContentType/1020
=337  \\$aunmediated$bn$2rdamedia$0http://rdaregistry.info/termList/RDAMediaType/1007
=338  \\$avolume$bnc$2rdacarrier$0http://rdaregistry.info/termList/RDACarrierType/1049
=380  \\$aNovel
=490  0\$aK-pulp : new adventures in theory-fiction
=600  14$aBallard, J. G.$d1930-2009$0https://libris.kb.se/dbqssg6x38zr5cn#it$1http://viaf.org/viaf/9842556
=600  14$aSellars, Simon
=650  \0$aBiography
=650  \0$aLife change events
=650  \0$aLiterary historians
=650  \0$aMental health
=650  \0$aPhilosophy
=650  \0$aVoyages and travels
=650  \7$aBiografier$0https://id.kb.se/term/sao/Biografier$2sao
=650  \7$aFilosofi$0https://id.kb.se/term/sao/Filosofi$2sao
=650  \7$aLitteraturvetare$0https://id.kb.se/term/sao/Litteraturvetare$2sao
=650  \7$aLivshändelser$0https://id.kb.se/term/sao/Livsh%C3%A4ndelser$2sao
=650  \7$aPsykisk hälsa$0https://id.kb.se/term/sao/Psykisk%20h%C3%A4lsa$2sao
=650  \7$aResor$0https://id.kb.se/term/sao/Resor$2sao
=655  \7$aRomaner$0https://id.kb.se/term/saogf/Romaner$2saogf
=655  \7$aScience fiction$0https://id.kb.se/term/saogf/Science%20fiction$2saogf
=655  \7$aSjälvbiografiska skildringar$0https://id.kb.se/term/saogf/Sj%C3%A4lvbiografiska%20skildringar$2saogf
=866  \\$5Btj$aIGN$x371

