=LDR  00631cam a2200193 a 4500
=001  013650098
=003  UkOxU
=005  19990920122420.0
=008  990920r19971964enk\\\\\\\\\\\000\1\eng\d
=015  \\$aGB 97-W8111
=020  \\$a0575401311
=040  \\$aBDS
=082  0\$a823.914$221
=100  1\$aBallard, J. G.$d1930-2009$1http://viaf.org/viaf/9842556$4http://rdaregistry.info/Elements/w/object/P10061
=240  10$aThe terminal beach$1http://www.wikidata.org/entity/Q7768486
=245  14$aThe terminal beach /$cJ.G. Ballard.
=260  \\$aLondon :$bIndigo,$c1997.
=300  \\$a220 pages ;$c20 cm.
=336  \\$atext$btxt$2rdacontent$0http://rdaregistry.info/termList/RDAContentType/1020
=337  \\$aunmediated$bn$2rdamedia$0http://rdaregistry.info/termList/RDAMediaType/1007
=338  \\$avolume$bnc$2rdacarrier$0http://rdaregistry.info/termList/RDACarrierType/1049
=380  \\$aFiction
=500  \\$aOriginally published: Gollancz, 1964.

