=LDR  04483cam a22003373a 4500
=001  18716313
=003  SE-LIBR
=005  20151125145100.0
=008  151125s1989\\\\mau\\\\\\\\\\\000\1\eng\\
=010  \\$a   88082960
=020  \\$a0316349410
=020  \\$a9780316349413
=040  \\$aDLC$beng$cDLC$dBTCTA$dCWJ$dYDXCP$dBAKER$dUBY$dSJE$dIAD$dVOV$dUPP$dCDS$dOCLCF$dOCLCQ$dOVY$dJm
=050  00$aPN6120.95.S33$bN67 1989
=050  14$aPZ4.A5$bW673 1989
=082  00$a808.83/8762$220
=245  04$aThe world treasury of science fiction /$cedited by David G. Hartwell ; with a foreword by Clifton Fadiman, general editor.
=250  \\$a1st ed.
=260  \\$aBoston :$bLittle, Brown,$c©1989.
=300  \\$axix, 1083 pages ;$c25 cm.
=336  \\$atext$btxt$2rdacontent$0http://rdaregistry.info/termList/RDAContentType/1020
=337  \\$aunmediated$bn$2rdamedia$0http://rdaregistry.info/termList/RDAMediaType/1007
=338  \\$avolume$bnc$2rdacarrier$0http://rdaregistry.info/termList/RDACarrierType/1049
=380  \\$aFiction
=505  0\$aForeword -- Introduction -- Harrison Bergeron / Kurt Vonnegut, Jr. -- Forgetfulness / John W. Campbell, Jr. -- Special flight / John Berryman -- Chronopolis / J.G. Ballard -- Triceratops / Kono Tensei -- The man who lost the sea / Theodore Sturgeon -- On the inside track / Karl Michael Armer -- The Golem / Avram Davidson -- The new prehistory / René Rebetez-Cortes -- A meeting with Medusa / Arthur C. Clarke -- The valley of echoes / Gérard Klein -- The fifth head of Cerberus / Gene Wolfe -- The chaste planet / John Updike -- The blind pilot / Nathalie-Charles Henneberg -- The men who murdered Mohammed / Alfred Bester -- Pairpuppets / Manuel van Loggem -- Two dooms / C.M. Kornbluth -- Tale of the computer that fought a dragon / Stanislaw Lem -- The green hills of Earth / Robert A. Heinlein -- Ghost V / Robert Sheckley -- The phantom of Kansas / John Varley -- Captain Nemo's last adventure / Josef Nesvadba -- Inconstant moon / Larry Niven -- The gold at the starbow's end / Frederik Pohl -- A sign in space / Italo Calvino -- The spiral / Italo Calvino.
=505  0\$aThe dead past / Isaac Asimov -- The lens / Annemarie van Ewyck -- The hurkle is a happy beast / Theodore Sturgeon -- Zero hour / Ray Bradbury -- Nine lives / Ursula K. Le Guin -- The muse / Anthony Burgess -- The public hating / Steve Allen -- Poor superman / Fritz Leiber -- Angouleme / Thomas M. Disch -- Stranger station / Damon Knight -- The dead fish / Boris Vian -- I was the first to find you / Kirill Bulychev -- The lineman / Walter M. Miller, Jr. -- Tlön, Uqbar, Orbis Tertius / Jorge Luis Borges -- Codemus / Tor Åge Bringsvaerd -- A kind of artistry / Brian Aldiss -- Second variety / Philip K. Dick -- Weihnachtsabend / Keith Roberts -- I do not love thee, Doctor Fell / Robert Bloch -- Aye, and Gomorrah-- / Samuel R. Delany -- How Erg the Self-inducting slew a paleface / Stanislaw Lem -- Nobody's home / Joanna Russ -- Party line / Gérard Klein -- The proud robot / Lewis Padgett -- Vintage season / Henry Kuttner and C.L. Moore -- Way to Amalteia / Arkady and Boris Strugatsky.
=520  \\$aIncludes Vonnegut, Kurt Jr., "Harrison Bergeron"/Campbell, John W. Jr., "Forgetfulness"/Berryman, John, "Special Flight"/Ballard, J.G., "Chronopolis"/Tensei, Kono, "Triceratops"/Sturgeon, Theodore, "The Man Who Lost the Sea"/Armer, Karl Michael, "On the Inside Track"/Davidson, Avram, "The Golem"/Rebetez-Cortes, Rene, "The New Prehistory"/Clarke, Arthur C., "A Meeting with Medusa"/Klein, Gerard, "The Valley of Echoes"/Wolfe, Gene, "The Fifth Head of Cerberus"/Updike, John, "The Chaste Planet"/Henneberg, Nathalie-Charles, "The Blind Pilot"/Bester, Alfred, "The Men Who Murdered Mohammed"/Pairpuppets, "Manuel van Loggem"/Kornbluth, C.M., "Two Dooms"/Lem, Stanislaw, "Tale of the Computer that Fought a Dragon"/Heinlein, Robert A., "The Green Hills of Earth"/Sheckley, Robert, "Ghost V"/Varley, John, "The Phantom of Kansas"/Nesvadba, Josef, "Captain Nemo's Last Adventure"/Niven, Larry, "Inconstant Moon"/Pohl, Frederik, "The Gold at the Starbow's End"/Calvino, Italo, "A Sign in Space" "The Spiral"/Asimov Isaac, "The Dead Past"/van Ewyck, Annemarie, "The Lens"/Sturgeon, Theodore, "The Hurkle Is a Happy Beast"/Bradbury, Ray, "Zero Hour"/Le Guin, Ursula K., "Nine Lives"/Burgess, Anthony, "The Muse"/Allen, Steve, "The Public Hating"/Leiber, Fritz, "Poor Superman"/Disch, Thomas M., "Angouleme"/Knight, Damon, "Stranger Station" and more.
=650  \0$aScience fiction$xTranslations into English.
=650  \0$aScience fiction.
=650  \7$aScience fiction.$2fast
=655  \7$aScience fiction.$2lcsh
=655  \7$aTranslations.$2fast
=700  1\$aFadiman, Clifton,$d1904-1999.$4aui$4edt
=700  1\$aHartwell, David G.$4edt$edc
=830  \0$aWorld treasury.
=700  02$aKurt Vonnegut, Jr.$tHarrison Bergeron
=700  02$aJohn W. Campbell, Jr.$tForgetfulness
=700  02$aBerryman, John$tSpecial flight
=700  02$aBallard, J. G.$d1930-2009$tChronopolis
=700  02$aTensei, Kono$tTriceratops
=700  02$aSturgeon, Theodore$tThe man who lost the sea
=700  02$aArmer, Karl Michael$tOn the inside track
=700  02$aDavidson, Avram$tThe Golem
=700  02$aRebetez-Cortes, René$tThe new prehistory
=700  02$aClarke, Arthur C.$tA meeting with Medusa
=700  02$aKlein, Gérard$tThe valley of echoes
=700  02$aWolfe, Gene$tThe fifth head of Cerberus
=700  02$aUpdike, John$tThe chaste planet
=700  02$aHenneberg, Nathalie-Charles$tThe blind pilot
=700  02$aBester, Alfred$tThe men who murdered Mohammed
=700  02$aLoggem, Manuel van$tPairpuppets
=700  02$aKornbluth, C.M.$tTwo dooms
=700  02$aLem, Stanislaw$tTale of the computer that fought a dragon
=700  02$aHeinlein, Robert A.$tThe green hills of Earth
=700  02$aSheckley, Robert$tGhost V
=700  02$aVarley, John$tThe phantom of Kansas
=700  02$aNesvadba, Josef$tCaptain Nemo's last adventure
=700  02$aNiven, Larry$tInconstant moon
=700  02$aPohl, Frederik$tThe gold at the starbow's end
=700  02$aCalvino, Italo$tA sign in space
=700  02$aCalvino, Italo$tThe spiral
=700  02$aAsimov, Isaac$tThe dead past
=700  02$aEwyck, Annemarie van$tThe lens
=700  02$aSturgeon, Theodore$tThe hurkle is a happy beast
=700  02$aBradbury, Ray$tZero hour
=700  02$aGuin, Ursula K. Le$tNine lives
=700  02$aBurgess, Anthony$tThe muse
=700  02$aAllen, Steve$tThe public hating
=700  02$aLeiber, Fritz$tPoor superman
=700  02$aDisch, Thomas M.$tAngouleme
=700  02$aKnight, Damon$tStranger station
=700  02$aVian, Boris$tThe dead fish
=700  02$aBulychev, Kirill$tI was the first to find you
=700  02$aWalter M. Miller, Jr.$tThe lineman
=700  02$aBorges, Jorge Luis$tTlön, Uqbar, Orbis Tertius
=700  02$aBringsværd, Tor Åge$tCodemus
=700  02$aAldiss, Brian$tA kind of artistry
=700  02$aDick, Philip K.$tSecond variety
=700  02$aRoberts, Keith$tWeihnachtsabend
=700  02$aBloch, Robert$tI do not love thee, Doctor Fell
=700  02$aDelany, Samuel R.$tAye, and Gomorrah
=700  02$aLem, Stanislaw$tHow Erg the Self-inducting slew a paleface
=700  02$aRuss, Joanna$tNobody's home
=700  02$aKlein, Gérard$tParty line
=700  02$aPadgett, Lewis$tThe proud robot
=700  02$aMoore, Henry Kuttner and C.L.$tVintage season
=700  02$aStrugatsky, Arkady and Boris$tWay to Amalteia

