=LDR  00639nam a22002053  4500
=001  000184370
=003  UK
=005  20160601115100.0
=008  871103|1974||||enk\\\\||\\\\\|||\||eng\\
=019  x\$a0173840329
=020  \\$a0575018607
=040  \\$aUk$cUk
=100  1\$aBallard, J. G.$d1930-2009$1http://viaf.org/viaf/9842556$4http://rdaregistry.info/Elements/w/object/P10061
=240  10$aThe terminal beach$1http://www.wikidata.org/entity/Q7768486
=245  14$aThe terminal beach.
=260  \\$aLondon :$bGollancz,$c1974.
=300  \\$a221 pages ;$c21 cm.
=336  \\$atext$2rdacontent$0http://rdaregistry.info/termList/RDAContentType/1020
=337  \\$aunmediated$2rdamedia$0http://rdaregistry.info/termList/RDAMediaType/1007
=338  \\$avolume$2rdacarrier$0http://rdaregistry.info/termList/RDACarrierType/1049

