=LDR  01637cam a22003857c 4500
=001  991345036004702201
=003  BIBSYS
=005  20150206120624.0
=007  ta
=008  150206s1970\\\\xx#|||||||||||000|||eng|d
=020  \\$a0583117252$qh.
=040  \\$aNO-TrBIB$bnob$ekatreg
=245  00$aSF the best of the best :$bPart one$cEdited by Judith Merril
=260  \\$aLondon$bMayflower$c1970
=300  \\$a203 s.
=336  \\$atekst$0http://rdaregistry.info/termList/RDAContentType/1020
=337  \\$auformidlet$0http://rdaregistry.info/termList/RDAMediaType/1007
=338  \\$abind$0http://rdaregistry.info/termList/RDACarrierType/1049
=380  \\$aSpråkbasert verk$1https://schema.nb.no/Bibliographic/Values/V1000
=490  1\$aSF the best of the best$v1
=655  \7$ascience fiction$2noubonm
=700  1\$aAbernathy, Robert.$4ctb$0(NO-TrBIB)13022307$1http://viaf.org/viaf/85394371
=700  1\$aBallard, J.G.$d1930-2009$4ctb$0(NO-TrBIB)90199005$4ctb$1http://viaf.org/viaf/9842556
=700  1\$aEmshwiller, Carol$d1921-$4ctb$0(NO-TrBIB)13020578
=700  1\$aKnight, Damon.$4ctb$0(NO-TrBIB)90762006
=700  1\$aLeiber, Fritz$d1910-1992$4ctb$0(NO-TrBIB)90705550
=700  1\$aMcKenna, Richard M.$4ctb$0(NO-TrBIB)13071806
=700  1\$aMerril, Judith.$4edt$4edc$0(NO-TrBIB)8036947$1http://viaf.org/viaf/84170355
=700  1\$aMiller, Walter M. Jr..$4ctb$0(NO-TrBIB)12069457
=700  1\$aReynolds, Mack.$4ctb$0(NO-TrBIB)12056609
=700  1\$aSimak, Clifford D..$4ctb$0(NO-TrBIB)90127777
=700  1\$aSmith, Cordwainer$d1913-1966$4ctb$0(NO-TrBIB)8046668
=700  1\$aSturgeon, Theodore$d1918-1985$4ctb$0(NO-TrBIB)90967876$1http://viaf.org/viaf/100257330
=700  1\$aThomas, Theodore L..$4ctb$0(NO-TrBIB)90073818
=830  \0$aSF the best of the best$v1

