=LDR  01405cam a2200337   4500
=001  a4380186
=003  SpMaBN
=005  20200515023536.6
=008  081118s2008\\\\sp\\\\\|\||||\000\0aspa\\
=015  \\$aMON0902
=017  \\$aB 30463-2008$bOficina Depósito Legal Barcelona
=020  \\$a978-84-397-2150-5
=040  \\$aSpMaBN$bspa$cSpMaBN$erdc
=041  1\$aspa$heng
=080  \\$a821.111-94"19"
=080  \\$a929 Ballard, J. G.
=100  1\$aBallard, J. G.$d1930-2009$0XX1721261$1http://viaf.org/viaf/9842556$4http://rdaregistry.info/Elements/w/object/P10061
=240  10$aMiracles of life$lEspañol$1http://www.wikidata.org/entity/Q6872514
=245  10$aMilagros de vida$h[Texto impreso]$cJ.G. Ballard ; traducción de Ignacio Gómez Calvo
=246  0\$iSubtítulo de la cubierta$aUna autobiografía
=250  \\$a1ª ed.
=260  \\$aBarcelona$bMondadori$c2008
=300  \\$a236 pages$c23 cm
=336  \\$atekst$0http://rdaregistry.info/termList/RDAContentType/1020
=337  \\$auformidlet$0http://rdaregistry.info/termList/RDAMediaType/1007
=338  \\$abind$0http://rdaregistry.info/termList/RDACarrierType/1049
=380  \\$aSpråkbasert verk$1https://schema.nb.no/Bibliographic/Values/V1000
=490  1\$aLiteratura Mondadori$v371
=594  \\$aTraducción de: Miracles of life
=600  17$aBallard, J. G.$d1930-2009$2embne$1http://viaf.org/viaf/9842556
=830  \0$aLiteratura Mondadori$v371

