=LDR  01232pam a2200337 a 4500
=001  014782993
=003  Uk
=005  20090217165936.0
=008  080829s2009\\\\enk\\\\\d\\\\\000\0aeng\d
=015  \\$aGBA8C1396$2bnb
=016  7\$a014782993$2Uk
=020  \\$a0753195240 (hbk.) :$c£19.95
=020  \\$a9780753195246 (hbk.) :$c£19.95
=040  \\$aStDuBDS$beng$cStDuBDS$dUk
=042  \\$aukblcatcopy
=082  04$a823.914$222
=100  1\$aBallard, J. G.$d1930-2009$1http://viaf.org/viaf/9842556$4http://rdaregistry.info/Elements/w/object/P10061
=240  10$aMiracles of life$1http://www.wikidata.org/entity/Q6872514
=245  10$aMiracles of life :$bShanghai to Shepperton : an autobiography /$cJ.G. Ballard.
=250  \\$aLarge print ed.
=260  \\$aOxford :$bISIS,$c2009.
=300  \\$a249 pages (large print) ;$c25 cm.
=336  \\$atext$2rdacontent$0http://rdaregistry.info/termList/RDAContentType/1020
=337  \\$aunmediated$2rdamedia$0http://rdaregistry.info/termList/RDAMediaType/1007
=338  \\$avolume$2rdacarrier$0http://rdaregistry.info/termList/RDACarrierType/1049
=500  \\$aFormerly CIP.$5Uk
=500  \\$aOriginally published: London: Fourth Estate, 2008.
=600  10$aBallard, J. G.$d1930-2009$1http://viaf.org/viaf/9842556
=650  \0$aLarge type books.
=650  \0$aNovelists, English$y20th century$vBiography.
=650  \0$aWorld War, 1939-1945$xInfluence.

