=LDR  00583cam a22001817a 4500
=001  19445354
=003  SE-LIBR
=005  20161217140221.0
=008  160503s2012\\\\xxu|||||\\\\\\|||\||eng\c
=020  \\$a9780871404022
=040  \\$aGbg
=082  04$a823$222 (machine generated)
=084  \\$aHe.01$2kssb/8
=100  1\$aBallard, James Graham,$d1930-2009$1http://viaf.org/viaf/9842556$4http://rdaregistry.info/Elements/w/object/P10061
=240  10$aHigh-rise$1http://viaf.org/viaf/308016990
=245  10$aHigh-rise /$cJ. G. Ballard
=260  \\$aNew York :$bLiveright Publishing,$c2012
=300  \\$a207 s.
=336  \\$atext$btxt$2rdacontent$0http://rdaregistry.info/termList/RDAContentType/1020
=337  \\$aunmediated$bn$2rdamedia$0http://rdaregistry.info/termList/RDAMediaType/1007
=338  \\$avolume$bnc$2rdacarrier$0http://rdaregistry.info/termList/RDACarrierType/1049

