=LDR  02177pam a2200481 c 4500
=001  1121929265
=003  DE-101
=005  20171203083421.0
=007  tu
=008  161216s2017\\\\gw\|||||\||||\00||||ger\\
=015  \\$a17,A34$z16,N51$2dnb
=016  7\$2DE-101$a1121929265
=020  \\$a3037349786$93-03734-978-6
=020  \\$a9783037349786$cBroschur : EUR 15.00 (DE), CHF 18.00 (freier Preis)$9978-3-03734-978-6
=024  3\$a9783037349786
=040  \\$a1145$bger$cDE-101$d9999$erda
=041  \\$ager$heng
=044  \\$cXA-DE
=082  74$a820$aB$qDE-101$223sdnb
=090  \\$ab
=100  1\$0(DE-588)118656929$0https://d-nb.info/gnd/118656929$0(DE-101)118656929$aBallard, J. G.$d1930-2009$eVerfasser$4aut$2gnd$1http://viaf.org/viaf/9842556$4http://rdaregistry.info/Elements/w/object/P10061
=240  10$0(DE-588)1138199923$0https://d-nb.info/gnd/1138199923$0(DE-101)1138199923$aConcrete island$2gnd$1http://viaf.org/viaf/174604532
=245  10$aBetoninsel$cJ.G. Ballard ; aus dem Englischen von Herbert Genzmer
=250  \\$a1. Auflage
=259  \\$a11
=264  \1$aZürich$aBerlin$bDiaphanes$c2017
=300  \\$a174 Seiten$c20 cm, 160 g
=336  \\$aText$btxt$2rdacontent$0http://rdaregistry.info/termList/RDAContentType/1020
=337  \\$aohne Hilfsmittel zu benutzen$bn$2rdamedia$0http://rdaregistry.info/termList/RDAMediaType/1007
=338  \\$aBand$bnc$2rdacarrier$0http://rdaregistry.info/termList/RDACarrierType/1049
=653  \\$a(BISAC Subject Heading)FIC000000
=653  \\$a(Produktform)Paperback / softback
=653  \\$a(VLB-WN)1112: Hardcover, Softcover / Belletristik/Gegenwartsliteratur (ab 1945)
=653  \\$aDystopie
=653  \\$aHypermoderne
=653  \\$aInsel
=653  \\$aScience Fiction
=653  \\$aVerkehr
=655  \7$0(DE-101)1010008188$aErzählende Literatur: Gegenwartsliteratur ab 1945$2gatbeg
=655  \7$0(DE-588)1071854844$0https://d-nb.info/gnd/1071854844$0(DE-101)1071854844$aFiktionale Darstellung$2gnd-content
=710  2\$81\p$0(DE-588)1064211070$0https://d-nb.info/gnd/1064211070$0(DE-101)1064211070$aDiaphanes$eVerlag$4pbl$2gnd
=776  08$iErscheint auch als$nOnline-Ausgabe$tBetoninsel$dZürich : diaphanes, 2017$hOnline-Ressourcen, 160 Seiten$w(DE-101)1147639515
=856  42$mB:DE-101$qapplication/pdf$uhttps://d-nb.info/1121929265/04$3Inhaltsverzeichnis

