=LDR  00790cam a2200217   4500
=001  a4313133
=003  SpMaBN
=005  20210929030718.4
=008  080731s2008\\\\sp\\\\\|\||||\000\f\spa\\
=015  \\$aMON0811
=017  \\$aM 27393-2008$bOficina Depósito Legal Madrid
=020  \\$a978-84-450-7655-2
=040  \\$aSpMaBN$bspa$cSpMaBN$erdc
=041  1\$aspa$heng
=080  \\$a821.111-31"19"
=100  1\$aBallard, J. G.$d1930-2009$0XX1721261$1http://viaf.org/viaf/9842556$4http://rdaregistry.info/Elements/w/object/P10061
=240  10$aKingdom Come$1http://viaf.org/viaf/3952163159958701640003
=245  10$aBienvenidos a Metro-Centre$h[Texto impreso]$cJ.G. Ballard ; [traducción de Marcial Souto]
=250  \\$a1ª ed.
=260  \\$aBarcelona$bMinotauro$c2008
=336  \\$atext$btxt$2rdacontent$0http://rdaregistry.info/termList/RDAContentType/1020
=337  \\$aunmediated$bn$2rdamedia$0http://rdaregistry.info/termList/RDAMediaType/1007
=338  \\$avolume$bnc$2rdacarrier$0http://rdaregistry.info/termList/RDACarrierType/1049
=380  \\$aNovel
=700  \\$aSouto, Marcial$4trl$1https://isni.org/isni/0000000119351140

