=LDR  00610nam a2200169 a 4500
=001  013161079
=003  UkOxU
=005  19980311093823.0
=008  930330r19951967enk\\\\\\\\\\\000\0\eng\d
=020  \\$a0586089918
=100  1\$aBallard, J. G.$d1930-2009$1http://viaf.org/viaf/9842556$4http://rdaregistry.info/Elements/w/object/P10061
=240  10$aThe day of forever$1http://viaf.org/viaf/307992426
=245  14$aThe day of forever /$cby J.G. Ballard.
=260  \\$aLondon :$bFlamingo,$c1995.
=300  \\$a126 p :$c1 port ;$c20 cm.
=336  \\$atext$btxt$2rdacontent$0http://rdaregistry.info/termList/RDAContentType/1020
=337  \\$aunmediated$bn$2rdamedia$0http://rdaregistry.info/termList/RDAMediaType/1007
=338  \\$avolume$bnc$2rdacarrier$0http://rdaregistry.info/termList/RDACarrierType/1049
=500  \\$aOriginally published: London : Panther, 1967.
=500  \\$aPort. inside front cover.

