=LDR  00840cam a22002535a 4500
=001  2c14jr3m0tdxsl2z
=003  SE-LIBR
=005  20200121130616.0
=008  190326s2019\\\\us\|||||||||||000\1|eng|c
=020  \\$a9780008329754
=040  \\$aSEK$bswe$ea
=041  \\$aeng
=082  04$a823$222 (machine generated)
=084  \\$aHe.01$2kssb/8
=100  1\$aBallard, J. G.$d1930-2009$0https://libris.kb.se/dbqssg6x38zr5cn#it$1http://viaf.org/viaf/9842556$4http://rdaregistry.info/Elements/w/object/P10061
=240  10$aEmpire of the sun$1http://viaf.org/viaf/180997771
=245  10$aEmpire of the Sun /$cJ. G. Ballard.
=264  \1$bHARPERCOLLINS PUBLISHERS,$c2019
=300  \\$a352 s.$c2.4 cm
=336  \\$atext$btxt$2rdacontent$0http://rdaregistry.info/termList/RDAContentType/1020
=337  \\$aunmediated$bn$2rdamedia$0http://rdaregistry.info/termList/RDAMediaType/1007
=338  \\$avolume$bnc$2rdacarrier$0http://rdaregistry.info/termList/RDACarrierType/1049
=340  \\$b2.4 cm
=380  \\$aFiction
=866  \\$5Btj$aIGN$x404

