=LDR  01674cam a2200361 c 4500
=001  999102198184702201
=003  BIBSYS
=005  20211101011925.0
=007  cr||||||||||||
=007  ta
=008  150611s1991\\\\no#|||||\|||||000|1|nob|\
=015  \\$a9100070$2nbf
=020  \\$a8203157742$qib.$cNkr 198.00
=040  \\$aNO-OsNB$bnob$ekatreg
=041  1\$heng
=044  \\$cno
=082  74$a823 $qNO-OsNB$24/nor
=082  74$a823$qNO-OsNB$24/nor
=100  1\$aBallard, J.G.$d1930-2009$0(NO-TrBIB)90199005$1http://viaf.org/viaf/9842556$4http://rdaregistry.info/Elements/w/object/P10061
=240  10$aRunning Wild$1http://viaf.org/viaf/481153289950332770009
=245  10$aPangbourne-massakren$cJ.G. Ballard ; oversatt av Odd Kvaal Pedersen og Nina Tjomsland
=246  1\$aRunning wild$iOriginaltittel
=260  \\$aOslo$bAschehoug$cc1991
=300  \\$a65 s.$c24 cm
=336  \\$atekst$0http://rdaregistry.info/termList/RDAContentType/1020
=337  \\$auformidlet$0http://rdaregistry.info/termList/RDAMediaType/1007
=338  \\$abind$0http://rdaregistry.info/termList/RDACarrierType/1049
=347  \\$adata file$2rda
=380  \\$aSpråkbasert verk$1https://schema.nb.no/Bibliographic/Values/V1000
=533  \\$aElektronisk reproduksjon$b[Norge]$cNasjonalbiblioteket Digital$d2009-04-26
=700  1\$aPedersen, Odd Kvaal$d1935-1990$0(NO-TrBIB)90052113$4trl$1http://viaf.org/viaf/29585795
=700  1\$aTjomsland, Lajla M. Jensen$d1944-$4trl$0(NO-TrBIB)14006933$4trl$1http://viaf.org/viaf/66145969953332250358
=856  41$3Fulltekst$uhttps://www.nb.no/search?q=oaiid:"oai:nb.bibsys.no:999102198184702202"&mediatype=bøker$yNettbiblioteket$zSøke-URL
=856  42$3Beskrivelse fra Forlagssentralen$uhttp://content.bibsys.no/content/?type=descr_forlagssentr&isbn=8203157742

