=LDR  00905nam a2200241 i 4500
=001  bimo0000050346
=003  SpMaBN
=005  20200515011401.6
=008  890714r19881984sp\\\\\\\\\\\\\\\\\\spa\\
=015  \\$a1989-JUN-13813
=016  7\$abimoBNE19910509981$zSAB9000055856$2SpMaBN
=017  \\$aB 3519-1988$bOficina Depósito Legal Barcelona
=020  \\$a84-450-7076-2
=040  \\$aSpMaBN$bspa$cSpMaBN$erdc
=080  \\$a820-31"19"
=100  1\$aBallard, J. G.$d1930-2009$0XX1721261$1http://viaf.org/viaf/9842556$4http://rdaregistry.info/Elements/w/object/P10061
=240  10$aEmpire of the sun$lEspañol$1http://viaf.org/viaf/180997771
=245  13$aEl imperio del sol$h[Texto impreso]$cJ.G. Ballard ; [traducción de Carlos Peralta]
=250  \\$a[1ª ed.]
=260  \\$aBarcelona$bMinotauro$c1984$g1988
=300  \\$a352 pages$c21 cm
=336  \\$atext$btxt$2rdacontent$0http://rdaregistry.info/termList/RDAContentType/1020
=337  \\$aunmediated$bn$2rdamedia$0http://rdaregistry.info/termList/RDAMediaType/1007
=338  \\$avolume$bnc$2rdacarrier$0http://rdaregistry.info/termList/RDACarrierType/1049
=500  \\$aTraducción de: Empire of the sun
=700  1\$aPeralta, Carlos$4trl$1http://viaf.org/viaf/7284374

