=LDR  00951cam a2200277   4500
=001  7281177
=003  SE-LIBR
=005  20090507170613.0
=008  011211s1986\\\\sw\\\\\\\\\\\\000\f\swe\\
=020  \\$a91-46-15351-9 ;$c27:50
=040  \\$aNB
=041  1\$aswe$heng
=042  \\$9NB
=082  04$a823$222 (machine generated)
=084  \\$5Mah$aHcee.01$2kssb/6
=084  \\$5NB$aHce$2kssb
=084  \\$5S$aHe.01=c$2kssb/6
=084  \\$aHe.01=c$2kssb/6
=100  1\$aBallard, J. G.$d1930-2009$0176668$1http://viaf.org/viaf/9842556$4http://rdaregistry.info/Elements/w/object/P10061
=240  10$aEmpire of the sun$1http://viaf.org/viaf/180997771
=245  00$aSolens rike :$broman /$cJ.G. Ballard ; översättning av Hans-Jacob Nilsson
=249  \0$aEmpire of the sun.
=250  \\$a[Ny utg.]
=260  \\$aStockholm :$bWahlström and Widstrand,$c1986 ;$e(Storbritannien)
=300  \\$a319, [1] s. ;$c18 cm
=336  \\$atext$btxt$2rdacontent$0http://rdaregistry.info/termList/RDAContentType/1020
=337  \\$aunmediated$bn$2rdamedia$0http://rdaregistry.info/termList/RDAMediaType/1007
=338  \\$avolume$bnc$2rdacarrier$0http://rdaregistry.info/termList/RDACarrierType/1049
=380  \\$aNovel
=700  1\$aNilsson, Hans-Jacob,$d1949-$4trl$0322971$1http://viaf.org/viaf/237688467

