=LDR  00882nam a22002415  4500
=001  bimo0000276275
=003  SpMaBN
=005  20200515012604.6
=008  930112s1992\\\\sp\|\\\\\\\\\||||\||spa\\
=016  7\$abimoBNE19930006938$2SpMaBN
=017  \\$aB 38-1992$bOficina Depósito Legal Barcelona
=020  \\$a84-450-7185-8
=040  \\$aSpMaBN$bspa$cSpMaBN$erdc
=041  1\$aspa$heng
=080  \\$a820-31"19"
=100  1\$aBallard, J. G.$d1930-2009$0XX1721261$1http://viaf.org/viaf/9842556$4http://rdaregistry.info/Elements/w/object/P10061
=240  14$aThe voices of time$lEspañol$1http://viaf.org/viaf/307977932
=245  14$aLas voces del tiempo$h[Texto impreso]$cJ.G. Ballard ; [traducción de Carlos Gardini]
=250  \\$a[1ª ed.]
=260  \\$aBarcelona$bMinotauro$c1992
=300  \\$a266 pages$c21 cm
=336  \\$atext$btxt$2rdacontent$0http://rdaregistry.info/termList/RDAContentType/1020
=337  \\$aunmediated$bn$2rdamedia$0http://rdaregistry.info/termList/RDAMediaType/1007
=338  \\$avolume$bnc$2rdacarrier$0http://rdaregistry.info/termList/RDACarrierType/1049
=594  \\$aTraducción de: The voices of time
=700  1\$aGardini, Carlos$d1948-$4trl

