=LDR  00690cam a22001933  4500
=001  2836612
=003  SE-LIBR
=005  20090422155508.0
=008  011211s1996\\\\pl\|||||||||||000\0|pol|\
=020  \\$a8371693524
=040  \\$aIlc
=041  1\$apol$heng
=082  04$a891.85$222 (machine generated)
=084  \\$aHmcee.01$2kssb/6
=100  1\$aBallard, J. G.$d1930-2009$4aut$0https://libris.kb.se/dbqssg6x38zr5cn#it$1http://viaf.org/viaf/9842556$4http://rdaregistry.info/Elements/w/object/P10061
=240  10$aCocaone nights$lPolska$1http://viaf.org/viaf/7815148574285124430000
=245  10$aKokainowe noce /$cJ. G. Ballard ; przekład Grażyna Jagielska.
=264  \1$c1996
=336  \\$atext$btxt$2rdacontent$0http://rdaregistry.info/termList/RDAContentType/1020
=337  \\$aunmediated$bn$2rdamedia$0http://rdaregistry.info/termList/RDAMediaType/1007
=338  \\$avolume$bnc$2rdacarrier$0http://rdaregistry.info/termList/RDACarrierType/1049
=500  \\$aOriginaluppl. 1996

