=LDR  00928nam a22002291  4500
=001  bimo0000762726
=003  SpMaBN
=005  20201231005254.5
=008  900725s1974\\\\sp\\\\\\\\\\\\\\\\\\spa\\
=016  7\$abimoBNE19972460721$zIND9100214440$2SpMaBN
=017  \\$aO 402-1973$bOficina Depósito Legal Asturias
=020  \\$a84-334-0107-6
=040  \\$aSpMaBN$bspa$cA2
=080  \\$a75 Dalí, Salvador(084)
=100  1\$aDalí, Salvador$d1904-1989$0XX895429$1http://viaf.org/viaf/64004109$4http://rdaregistry.info/Elements/w/object/P10058
=240  \\$aDalí$1http://viaf.org/viaf/316306426
=245  10$aDalí$h[Texto impreso]$cintroducción de J.G. Ballard ; edición de David Larkin ; [traducción, Mariano Antolín]
=260  \\$a[Madrid]$bJúcar$c[1974]
=300  \\$a5 h., lám. color$c30 cm
=336  \\$atext$btxt$2rdacontent$0http://rdaregistry.info/termList/RDAContentType/1020
=337  \\$aunmediated$bn$2rdamedia$0http://rdaregistry.info/termList/RDAMediaType/1007
=338  \\$avolume$bnc$2rdacarrier$0http://rdaregistry.info/termList/RDACarrierType/1049
=700  1\$aAntolín Rato, Mariano$d1943-$4trl$1http://viaf.org/viaf/7406407
=700  1\$aBallard, J. G.$d1930-2009$4aui$1http://viaf.org/viaf/9842556
=700  1\$aLarkin, David$4edt$1http://viaf.org/viaf/277669549

