=LDR  00901nam a2200253   4500
=001  bimo0001814178
=003  SpMaBN
=005  20200515020034.6
=008  021015s2002\\\\sp\|\\\\\\\\\\|||\||spa\\
=016  7\$abimoBNE20020723833$2SpMaBN
=017  \\$aB 22935-2002$bOficina Depósito Legal Barcelona
=020  \\$a84-450-7041-X
=040  \\$aSpMaBN$bspa$cSpMaBN$erdc
=041  1\$aspa$heng
=080  \\$a821.111-31"19"
=100  1\$aBallard, J. G.$d1930-2009$0XX1721261$1http://viaf.org/viaf/9842556$4http://rdaregistry.info/Elements/w/object/P10061
=240  10$aConcrete island$lEspañol$1http://viaf.org/viaf/174604532
=245  13$aLa isla de cemento$h[Texto impreso]$cJ.G. Ballard ; [traducción de Manuel Figueroa]
=250  \\$a1ª ed.
=260  \\$aBarcelona$bMinotauro$c2002
=300  \\$a174 pages$c18 cm
=336  \\$atext$btxt$2rdacontent$0http://rdaregistry.info/termList/RDAContentType/1020
=337  \\$aunmediated$bn$2rdamedia$0http://rdaregistry.info/termList/RDAMediaType/1007
=338  \\$avolume$bnc$2rdacarrier$0http://rdaregistry.info/termList/RDACarrierType/1049
=490  1\$aAutores
=594  \\$aTraducción de: Concrete island
=700  1\$aFigueroa, Manuel$4trl$1http://viaf.org/viaf/87721105
=830  \0$aAutores (Barcelona)

