=LDR  00582cam a22001695a 4500
=001  21978718
=003  SE-LIBR
=005  20171124161727.0
=008  171124s2012\\\\us\|||||||||||00|\1|eng\c
=020  \\$a978-0-87140-405-3
=082  04$a800$222 (machine generated)
=084  \\$aH$2kssb/8
=100  1\$aBallard, J. G.$1http://viaf.org/viaf/9842556$4http://rdaregistry.info/Elements/w/object/P10061
=240  10$aMillennium people$1http://viaf.org/viaf/453162608678949820008
=245  10$aMillennium People /$cJ. G. Ballard
=260  \\$bLiveright Publishing Corporation,$c2012
=300  \\$a288 s. ;$c1.9 cm
=336  \\$atext$btxt$2rdacontent$0http://rdaregistry.info/termList/RDAContentType/1020
=337  \\$aunmediated$bn$2rdamedia$0http://rdaregistry.info/termList/RDAMediaType/1007
=338  \\$avolume$bnc$2rdacarrier$0http://rdaregistry.info/termList/RDACarrierType/1049
=380  \\$aFiction

