=LDR  01784cam a2200433 i 4500
=001  011514064
=003  FI-MELINDA
=005  20220214123254.0
=008  171009s1996\\\\fi\|||||||||||||||f|fin|\
=020  \\$a952-9646-83-6$qnidottu
=040  \\$aFI-NL$bfin
=041  1\$afin$heng
=042  \\$afinb
=080  \\$a820$x-3
=084  \\$a84.2$2ykl
=100  1\$aBallard, J. G.$1http://viaf.org/viaf/9842556$4http://rdaregistry.info/Elements/w/object/P10061
=240  10$aCrash$1http://viaf.org/viaf/305922109
=245  10$aCrash =$bKolari /$cJ. G. Ballard ; [suomennos: Ville Keynäs].
=260  \\$aHelsinki :$bLoki-kirjat,$c1996.
=300  \\$a219 s. ;$c18 cm
=336  \\$ateksti$btxt$2rdacontent$0http://rdaregistry.info/termList/RDAContentType/1020
=337  \\$akäytettävissä ilman laitetta$bn$2rdamedia$0http://rdaregistry.info/termList/RDAMediaType/1007
=338  \\$anide$bnc$2rdacarrier$0http://rdaregistry.info/termList/RDAContentType/1020
=380  \\$aSpråkbasert verk$1https://schema.nb.no/Bibliographic/Values/V1000
=500  \\$aTekijän esipuhe Crashin ranskankieliseen laitokseen.
=583  \\$aAUTOMATICALLY MERGED FROM (FI-MELINDA)006247870 + (FI-MELINDA)000856010$c2017-10-09T14:52:19+03:00$5MELINDA
=583  \\$aSAATU 1 KPL.$5FENNI
=650  \7$aerotiikka$2kaunokki
=650  \7$akuolema$2kaunokki
=650  \7$akuolemanodotus$2kaunokki
=650  \7$aliikenneonnettomuudet$zIso-Britannia$y1990-luku$2kaunokki
=650  \7$amielenhäiriöt$2kaunokki
=650  \7$aseksuaaliset poikkeavuudet$2kaunokki
=655  \7$apsykologiset romaanit$2slm/fin$0http://urn.fi/URN:NBN:fi:au:slm:s604
=655  \7$apsykologiska romaner$2slm/swe$0http://urn.fi/URN:NBN:fi:au:slm:s604
=655  \7$ascience fiction-litteratur$2slm/swe$0http://urn.fi/URN:NBN:fi:au:slm:s418
=655  \7$atieteiskirjallisuus$2slm/fin$0http://urn.fi/URN:NBN:fi:au:slm:s418
=700  1\$aKeynäs, Ville,$0(FI-ASTERI-N)000108428$4trl
=710  2\$aLoki-kirjat (yhtiö),$ekustantaja.$0(FI-ASTERI-N)000216267
=740  0\$aKolari.

