=LDR  02950nam a2200709uc 4500
=001  121021962X
=003  DE-101
=005  20200616184112.0
=007  cr||||||||||||
=008  200514s2016\\\\gw\|||||o||||\00||||ger\\
=015  \\$a20,O06$2dnb
=016  7\$2DE-101$a121021962X
=020  \\$a9783948616311$9978-3-948616-31-1
=024  3\$a9783948616311
=024  7\$2urn$aurn:nbn:de:101:1-2020051415545344390220
=040  \\$a1140$bger$cDE-101$d9999
=041  \\$ager
=044  \\$cXA-DE-BE
=082  04$83\u$84\p$a823.914$qDE-101$222/ger
=083  7\$85\p$a820$qDE-101$223sdnb
=085  \\$83\u$b823
=100  1\$0(DE-588)129154946$0https://d-nb.info/gnd/129154946$0(DE-101)129154946$aFrey, Hans$d1949-$eVerfasser$4aut$2gnd$1https://d-nb.info/gnd/129154946$4http://rdaregistry.info/Elements/w/object/P10061
=240  \\$aJ. G. Ballard : Science Fiction als Paradoxon$1https://d-nb.info/gnd/129154946/jgballard
=245  10$aJ. G. Ballard - Science Fiction als Paradoxon$bSF Personality 25$cHans Frey
=264  \1$aBerlin$bMemoranda Verlag$c2016
=300  \\$aOnline-Ressource, 417 Seiten
=336  \\$aText$btxt$2rdacontent$0http://rdaregistry.info/termList/RDAContentType/1020
=337  \\$aComputermedien$bc$2rdamedia$0http://rdaregistry.info/termList/RDAMediaType/1003
=338  \\$aOnline-Ressource$bcr$2rdacarrier$0http://rdaregistry.info/termList/RDACarrierType/1018
=336  \\$atekst$0http://rdaregistry.info/termList/RDAContentType/1020
=337  \\$adatamaskin$0http://rdaregistry.info/termList/RDAMediaType/1003
=338  \\$aonline ressurs$0http://rdaregistry.info/termList/RDACarrierType/1018
=347  \\$adata file$2rda
=380  \\$aSpråkbasert verk$1https://schema.nb.no/Bibliographic/Values/V1000r
=490  1\$aSF Personality$v25
=583  1\$aArchivierung/Langzeitarchivierung gewährleistet$5DE-101$2pdager
=600  17$81\p$0(DE-588)118656929$0https://d-nb.info/gnd/118656929$0(DE-101)118656929$aBallard, J. G.$d1930-2009$9rswk-swf$2gnd$1http://viaf.org/viaf/9842556
=653  \\$a(BISAC Subject Heading)BIO007000
=653  \\$a(BISAC Subject Heading)FIC028020
=653  \\$a(Produktform)Electronic book text
=653  \\$a(VLB-WN)9131
=653  \\$a(VLB-WN)9921
=653  \\$aBibliographie
=653  \\$aBiografie
=653  \\$aGesellschaftskritik
=653  \\$aHans Frey
=653  \\$aInterview
=653  \\$aJ. G. Ballard
=653  \\$aJoachim Körber
=653  \\$aMemoranda
=653  \\$aNew Wave
=653  \\$aPulps
=653  \\$aScience Fiction
=653  \\$aWerkführer
=653  \\$aWerner Fuchs
=689  0\$5DE-101$5DE-101
=689  00$82\p$0(DE-588)118656929$0https://d-nb.info/gnd/118656929$0(DE-101)118656929$Dp$aBallard, J. G.$d1930-2009
=776  08$iErscheint auch als$nDruck-Ausgabe$z9783948616304
=776  08$iErscheint auch als$nDruck-Ausgabe$z9783948616304
=830  \0$aSF Personality$v25
=856  \0$uhttps://d-nb.info/121021962X/34$xLangzeitarchivierung Nationalbibliothek
=856  4\$qepub$uhttp://www.memoranda.eu$xVerlag
=856  40$uhttps://nbn-resolving.org/urn:nbn:de:101:1-2020051415545344390220$xResolving-System

