=LDR  03230cam a2200697 i 4500
=001  004696737
=003  FI-MELINDA
=005  20210503162151.0
=008  031125s2003\\\\fi\|||||||||||||||f|fin|\
=015  \\$afx743393$2skl
=020  \\$a952-471-000-5$qnidottu
=040  \\$aFI-NL$bfin
=041  1\$afin$heng
=042  \\$afinb
=080  \\$a820$x-3$21974/fin/fennica
=084  \\$a84.2$2ykl
=084  9\$aScifi$2ykl
=100  1\$aBallard, J. G.$ekirjoittaja.$1http://viaf.org/viaf/9842556$4http://rdaregistry.info/Elements/w/object/P10061
=240  10$aSuper-Cannes,$lsuomi$1http://viaf.org/viaf/7243154501919339210000
=245  10$aSuper-Cannes /$cJ. G. Ballard ; suomentanut Hannu Tervaharju.
=260  \\$aHelsinki :$bLike,$c2003$e(Jyväskylä :$fGummerus)
=300  \\$a441 s. ;$c20 cm
=336  \\$ateksti$btxt$2rdacontent$0http://rdaregistry.info/termList/RDAContentType/1020
=337  \\$akäytettävissä ilman laitetta$bn$2rdamedia$0http://rdaregistry.info/termList/RDAMediaType/1007
=338  \\$anide$bnc$2rdacarrier$0http://rdaregistry.info/termList/RDAContentType/1020
=380  \\$aSpråkbasert verk$1https://schema.nb.no/Bibliographic/Values/V1000
=490  1\$aLike-scifi
=586  \\$aTähtivaeltaja-palkinto, 2004
=600  14$aSinclair, Paul$c(fiktiivinen hahmo)
=650  \7$aeliitit$xmoraali$2kaunokki
=650  \7$afinsk litteratur$2yso/swe$0http://www.yso.fi/onto/yso/p16810
=650  \7$ahuipputekniikka$xetiikka$2kaunokki
=650  \7$akirjallisuuspalkinnot$xTähtivaeltaja$2kaunokki
=650  \7$amoraali$2kaunokki
=650  \7$aromaanit$xkäännökset$xsuomen kieli$xenglannin kieli$2kaunokki
=650  \7$aromaner$xöversättningar$xfinska$xengelska$2bella
=650  \7$astressi$xhoito$xväkivalta$2kaunokki
=650  \7$astressi$xväkivalta$2kaunokki
=650  \7$asuomenkielinen kirjallisuus$2yso/fin$0http://www.yso.fi/onto/yso/p16810
=650  \7$ateknologiakeskukset$zRanska$2kaunokki
=650  \7$ateknologiakeskukset$zRanska$zRiviera$2kaunokki
=650  \7$atiedepuistot$xEden-Olympia$2kaunokki
=650  \7$atiedepuistot$zRanska$2kaunokki
=650  \7$atiedeyhteisöt$2kaunokki
=650  \7$atiedeyhteisöt$xyli-ihminen$2kaunokki
=650  \7$ayhteiskuntakritiikki$xlänsimaat$2kaunokki
=650  \7$ayli-ihminen$2kaunokki
=653  \\$aromaanit$aenglannin kieli$asuomenkielinen käännös
=655  \7$adystopiat$2slm/fin$0http://urn.fi/URN:NBN:fi:au:slm:s1011
=655  \7$adystopier$2slm/swe$0http://urn.fi/URN:NBN:fi:au:slm:s1011
=655  \7$ajännityskirjallisuus$2slm/fin$0http://urn.fi/URN:NBN:fi:au:slm:s382
=655  \7$akaunokirjallisuus$2slm/fin$0http://urn.fi/URN:NBN:fi:au:slm:s975
=655  \7$akriminalfiktion$2slm/swe$0http://urn.fi/URN:NBN:fi:au:slm:s911
=655  \7$apsykologinen jännityskirjallisuus$2slm/fin$0http://urn.fi/URN:NBN:fi:au:slm:s816
=655  \7$apsykologiska thrillers (litteratur)$2slm/swe$0http://urn.fi/URN:NBN:fi:au:slm:s816
=655  \7$arikoskirjallisuus$2slm/fin$0http://urn.fi/URN:NBN:fi:au:slm:s911
=655  \7$ascience fiction-litteratur$2slm/swe$0http://urn.fi/URN:NBN:fi:au:slm:s418
=655  \7$askönlitteratur$2slm/swe$0http://urn.fi/URN:NBN:fi:au:slm:s975
=655  \7$athrillers (litteratur)$2slm/swe$0http://urn.fi/URN:NBN:fi:au:slm:s382
=655  \7$atieteiskirjallisuus$2slm/fin$0http://urn.fi/URN:NBN:fi:au:slm:s418
=700  1\$aTervaharju, Hannu,$ekääntäjä.$0(FI-ASTERI-N)000112855$4trl
=830  \0$aLike-scifi.

