=LDR  02546pam a2200397 c 4500
=001  973097337
=003  DE-101
=005  20171203172549.0
=007  tu
=008  041209s2005\\\\gw\|||||\||||\00||||ger\\
=015  \\$a05,A49,1817$z05,N02,1987$2dnb
=016  7\$2DE-101$a973097337
=020  \\$a3937897062$ckart. : EUR 12.90$93-937897-06-2
=020  \\$a9783937897066$ckart. : EUR 12.90$9978-3-937897-06-6
=024  3\$a9783937897066
=040  \\$a1245$bger$cDE-101$d9999
=041  \\$ager$heng
=044  \\$cXA-DE
=082  74$a820$aB$qDE-101$222sdnb
=090  \\$ab
=100  1\$0(DE-588)118656929$0https://d-nb.info/gnd/118656929$0(DE-101)118656929$aBallard, J. G.$d1930-2009$eVerfasser$4aut$2gnd$1http://viaf.org/viaf/9842556$4http://rdaregistry.info/Elements/w/object/P10061
=245  10$aKristallwelt$cJ. G. Ballard. Aus dem Engl. von Joachim Körber
=250  \\$aUngekürzte Neuübers., 1. Aufl.
=259  \\$a11
=264  \1$aBellheim$bEd. Phantasia$c2005
=300  \\$a159 S.$c21 cm
=336  \\$aText$btxt$2rdacontent$0http://rdaregistry.info/termList/RDAContentType/1020
=337  \\$aohne Hilfsmittel zu benutzen$bn$2rdamedia$0http://rdaregistry.info/termList/RDAMediaType/1007
=338  \\$aBand$bnc$2rdacarrier$0http://rdaregistry.info/termList/RDACarrierType/1049
=490  1\$aPhantasia-Paperback : [...], Science-Fiction$vBd. 1003
=520  \\$aEine geheimnisvolle Krankheit verseucht alles Leben auf einer fernen Insel. Sie ruft Veränderungen der Zellstruktur hervor und läßt aus dem tropischen Regenwald eine phantastische Kristallwelt entstehen, in der alles zu kristallisieren beginnt. Während die Menschen fliehen, übt der glitzernde Dschungel einen unwiderstehlichen Zauber auf Dr. Sanders und seine Begleiter aus, die schließlich in das Zentrum des verbotenen Gebietes vordringen. J. G. Ballard ist in England einer der maßgeblichen Schriftsteller. Seit den sechziger Jahren ist er immer wieder als Neuerer der Science Fiction und Literatur aufgetreten. Sein Werk wird kontrovers diskutiert. Sein autobiographischer Roman Das Reich der Sonne wurde von Steven Spielberg verfilmt, sein pornographischer Auto-Roman Crash von David Cronenberg. Kristallwelt, 1966 erschienen, ist ein früher Höhepunkt seines schriftstellerischen Schaffens.
=653  \\$a(VLB-PF)BC: Paperback
=653  \\$a(VLB-WG)130: Belletristik / Science Fiction, Fantasy
=653  \\$a(VLB-WI)1: Hardcover, Softcover, Karte
=700  12$aBallard, J. G.$d1930-2009$2gnd$tThe crystal world$gdt.$1http://viaf.org/viaf/307967896
=700  1\$aKörber, Joachim$4trl$1http://viaf.org/viaf/37083705
=830  \0$aPhantasia-Paperback / Science-Fiction$n[...]$pScience-Fiction$tPhantasia-Paperback$vBd. 1003$w(DE-101)974088293$w(DE-600)2282270-7$941003$7as

