=LDR  02506nam a2200577uc 4500
=001  1147639515
=003  DE-101
=005  20171208120112.0
=007  cr||||||||||||
=008  171201s2017\\\\sz\|||||o||||\00||||ger\\
=015  \\$a18,O01$2dnb
=016  7\$2DE-101$a1147639515
=020  \\$a3035800596$93-0358-0059-6
=020  \\$a9783035800593$9978-3-0358-0059-3
=024  3\$a9783035800593
=024  7\$2urn$aurn:nbn:de:101:1-201712011349
=040  \\$a1140$bger$cDE-101$d9999
=041  \\$ager$heng
=044  \\$cXA-CH
=082  74$83\p$a820$aB$qDE-101$223sdnb
=100  1\$81\p$aBallard, J.G.$eVerfasser$4aut$1http://viaf.org/viaf/9842556$4http://rdaregistry.info/Elements/w/object/P10061
=240  10$aConcrete Island$1http://viaf.org/viaf/174604532
=245  10$aBetoninsel$cJ.G. Ballard
=264  \1$aZürich$bdiaphanes$c2017
=300  \\$aOnline-Ressourcen, 160 Seiten
=336  \\$aText$btxt$2rdacontent$0http://rdaregistry.info/termList/RDAContentType/1020
=337  \\$aComputermedien$bc$2rdamedia$0http://rdaregistry.info/termList/RDAMediaType/1003
=338  \\$aOnline-Ressource$bcr$2rdacarrier$0http://rdaregistry.info/termList/RDACarrierType/1018
=336  \\$atekst$0http://rdaregistry.info/termList/RDAContentType/1020
=337  \\$adatamaskin$0http://rdaregistry.info/termList/RDAMediaType/1003
=338  \\$aonline ressurs$0http://rdaregistry.info/termList/RDACarrierType/1018
=347  \\$adata file$2rda
=380  \\$aSpråkbasert verk$1https://schema.nb.no/Bibliographic/Values/V1000
=490  0\$aLiteratur
=500  \\$aLizenzpflichtig
=583  1\$aArchivierung/Langzeitarchivierung gewährleistet$5DE-101$2pdager
=653  \\$a(BISAC Subject Heading)FIC000000
=653  \\$a(Produktform)Electronic book text
=653  \\$a(VLB-WN)9112: Nonbooks, PBS / Belletristik/Gegenwartsliteratur (ab 1945)
=653  \\$aDystopie
=653  \\$aHypermoderne
=653  \\$aInsel
=653  \\$aScience Fiction
=653  \\$aVerkehr
=655  \7$0(DE-101)1010008188$aErzählende Literatur: Gegenwartsliteratur ab 1945$2gatbeg
=710  2\$82\p$0(DE-588)1064211070$0https://d-nb.info/gnd/1064211070$0(DE-101)1064211070$aDiaphanes$eVerlag$4pbl$2gnd
=776  08$iElektronische Reproduktion von$z9783037349786
=776  08$iErscheint auch als$nDruck-Ausgabe$aBallard, J. G., 1930-2009$tBetoninsel$dZürich ; Berlin : Diaphanes, 2017$h174 Seiten$w(DE-101)1121929265$b1. Auflage
=856  \0$uhttps://d-nb.info/1147639515/34$xLangzeitarchivierung Nationalbibliothek
=856  4\$qepub
=856  40$uhttps://nbn-resolving.org/urn:nbn:de:101:1-201712011349$xResolving-System
=856  42$mX:NP$uhttps://cdn.libreka.de/sample/9783035800593$3Auszug

