=LDR  00721cam a22002177 r4500
=001  6252182
=003  SE-LIBR
=005  20090422155549.0
=008  011211s1987\\\\xxc\\\\\\\\\\\000\0\eng\c
=020  \\$a0-88619-181-5
=040  \\$aG
=082  04$a823$222 (machine generated)
=084  \\$5G$aHe.01$2kssb/6
=084  \\$aHe.01$2kssb/6
=100  1\$aBallard, J. G.$d1930-2009$0176668$1http://viaf.org/viaf/9842556$4http://rdaregistry.info/Elements/w/object/P10061
=240  10$aThe day of creation$1http://viaf.org/viaf/308025936
=245  04$aThe day of creation /$cJ.G. Ballard
=250  \\$a1. ed.
=260  \\$aToronto :$bLester and Orpen Dennys,$ccop. 1987
=300  \\$a254 s.
=336  \\$atekst$0http://rdaregistry.info/termList/RDAContentType/1020
=337  \\$auformidlet$0http://rdaregistry.info/termList/RDAMediaType/1007
=338  \\$abind$0http://rdaregistry.info/termList/RDACarrierType/1049
=380  \\$aSpråkbasert verk$1https://schema.nb.no/Bibliographic/Values/V1000
=775  18$iParallellupplaga$z0-575-04152-8$w0575041528

