=LDR  00914nam a2200241 i 4500
=001  bimo0000059087
=003  SpMaBN
=005  20200515011428.6
=008  891121s1988\\\\sp\\\\\\\\\\\\\\\\\\spa\\
=015  \\$a1989-DIC-23814
=016  7\$abimoBNE19910598574$zSAB9000065367$2SpMaBN
=017  \\$aB 3649-1988$bOficina Depósito Legal Barcelona
=020  \\$a84-450-7074-6
=040  \\$aSpMaBN$bspa$cSpMaBN$erdc
=080  \\$a820-31"19"
=100  1\$aBallard, J. G.$d1930-2009$0XX1721261$1http://viaf.org/viaf/9842556$4http://rdaregistry.info/Elements/w/object/P10061
=240  10$aDrowned world$lEspañol$1http://viaf.org/viaf/309277534
=245  13$aEl mundo sumergido$h[Texto impreso]$cJ.G. Ballard ; [traducción de Francisco Abelenda]
=250  \\$a[1ª ed.]
=260  \\$aBarcelona$bMinotauro$c1988
=300  \\$a221 pages$c21 cm
=336  \\$atekst$0http://rdaregistry.info/termList/RDAContentType/1020
=337  \\$auformidlet$0http://rdaregistry.info/termList/RDAMediaType/1007
=338  \\$abind$0http://rdaregistry.info/termList/RDACarrierType/1049
=380  \\$aSpråkbasert verk$1https://schema.nb.no/Bibliographic/Values/V1000
=500  \\$aTraducción de: The drowned world
=700  1\$aAbelenda, Francisco$d1922-2014$4trl$4trl$1http://viaf.org/viaf/76117483

