=LDR  00882nam a2200241 i 4500
=001  bimo0000338476
=003  SpMaBN
=005  20200515012828.6
=008  921211s1991\\\\sp\\\\\\\\\\\||||\||spa\d
=016  7\$abimoBNE19930650450$zCEN920162532$2SpMaBN
=017  \\$aB 12384-1991$bOficina Depósito Legal Barcelona
=020  \\$a84-450-7098-3
=040  \\$aSpMaBN$bspa$cCEN
=041  1\$aspa$heng
=080  \\$a820-31"19"
=100  1\$aBallard, J. G.$d1930-2009$0XX1721261$1http://viaf.org/viaf/9842556$4http://rdaregistry.info/Elements/w/object/P10061
=240  14$aThe cristal world$lEspañol$1http://viaf.org/viaf/307967896
=245  13$aEl mundo de cristal$h[Texto impreso]$cJ. G. Ballard ; [traducción de Marcial Souto]
=250  \\$a[1ª ed. ]
=260  \\$aBarcelona$bMinotauro$c1991
=300  \\$a189 pages$c21 cm
=336  \\$atekst$0http://rdaregistry.info/termList/RDAContentType/1020
=337  \\$auformidlet$0http://rdaregistry.info/termList/RDAMediaType/1007
=338  \\$abind$0http://rdaregistry.info/termList/RDACarrierType/1049
=380  \\$aSpråkbasert verk$1https://schema.nb.no/Bibliographic/Values/V1000
=500  \\$aTraducción de : The crystal world
=700  1\$aSouto, Marcial$4trl$1https://isni.org/isni/0000000119351140

