=LDR  00929nam a2200241   4500
=001  Mimo0002108924
=003  SpMaBN
=005  20210929030600.4
=008  060605s2006\\\\sp\|\\\\\\\\\\|||\||spa\\
=016  7\$abimoBNE20060547141$2SpMaBN
=017  \\$aNA 461-2006$bOficina Depósito Legal Navarra
=020  \\$a84-674-2638-1
=040  \\$aSpMaBN$bspa$cSpMaBN$erdc
=041  1\$aspa$heng
=080  \\$a821.111-31"19"
=100  1\$aBallard, J. G.$d1930-2009$0XX1721261$1http://viaf.org/viaf/9842556$4http://rdaregistry.info/Elements/w/object/P10061
=240  10$aDrowned world$lEspañol$1http://viaf.org/viaf/309277534
=245  13$aEl mundo sumergido$h[Texto impreso]$cJ.G. Ballard ; [traducción, Francisco Abelenda]
=260  \\$aBarcelona$bPlaneta-De Agostini$c[2006]
=300  \\$a221 pages$c22 cm
=336  \\$atekst$0http://rdaregistry.info/termList/RDAContentType/1020
=337  \\$auformidlet$0http://rdaregistry.info/termList/RDAMediaType/1007
=338  \\$abind$0http://rdaregistry.info/termList/RDACarrierType/1049
=380  \\$aSpråkbasert verk$1https://schema.nb.no/Bibliographic/Values/V1000
=490  1\$aBiblioteca de ciencia ficción
=594  \\$aTraducción de: Drowned world
=830  \0$aBiblioteca de ciencia ficción (Barcelona)
=700  1\$aAbelenda, Francisco$d1922-2014$4trl$1http://viaf.org/viaf/76117483

