=LDR  01287nam a2200325 c 4500
=001  811068390
=003  DE-101
=005  20171202064714.0
=007  tu
=008  810702s1971\\\\gw\|||||\||||\00||||ger\\
=015  \\$a81,A51,0191$2dnb
=016  7\$2DE-101$a811068390
=020  \\$a3547711541$ckart. : DM 12.00$93-547-71154-1
=020  \\$a9783547711547$ckart. : DM 12.00$9978-3-547-71154-7
=040  \\$a1200$bger$cDE-101$d9999
=041  \\$ager
=044  \\$cXA-DE
=082  74$a810$aB$qDE-101$222sdnb
=100  1\$0(DE-588)118656929$0https://d-nb.info/gnd/118656929$0(DE-101)118656929$aBallard, J. G.$d1930-2009$eVerfasser$4aut$2gnd$1http://viaf.org/viaf/9842556$4http://rdaregistry.info/Elements/w/object/P10061
=245  10$aDer unmögliche Mensch und andere Stories$cJ. G. Ballard. Deutsch von Alfred Scholz
=250  \\$a1. Aufl.
=259  \\$a11
=264  \1$aHamburg$aDüsseldorf$bvon Schröder$c1971
=300  \\$a179 S.$c21 cm
=336  \\$aText$btxt$2rdacontent$0http://rdaregistry.info/termList/RDAContentType/1020
=337  \\$aohne Hilfsmittel zu benutzen$bn$2rdamedia$0http://rdaregistry.info/termList/RDAMediaType/1007
=338  \\$aBand$bnc$2rdacarrier$0http://rdaregistry.info/termList/RDACarrierType/1049
=490  0\$aScience-fiction & fantastica
=500  \\$aAus d. Amerikan. übers.
=700  12$aScholz, Alfred$4trl$1http://viaf.org/viaf/1660159234598103372119
=700  12$aBallard, J. G.$d1930-2009$2gnd$tThe impossible man and other stories$gdt.$1http://www.wikidata.org/entity/Q7741590

