=LDR  00661cam a22002178i 4500
=001  21669523
=003  SE-LIBR
=005  20181003103323.0
=008  171009s1996\\\\xx\|||||||||||000\0|eng|d
=020  \\$a9780006548218$qpocket
=040  \\$aBOKR$ei
=041  \\$aeng
=100  1\$aBallard, J. G.$4aut$1http://viaf.org/viaf/9842556$4http://rdaregistry.info/Elements/w/object/P10061
=245  10$aUsers guide to the millennium - essays and reviews
=263  \\$a199611
=264  \1$bHarpercollins Publishers,$c1996
=300  \\$a320 sidor$c19.5 cm
=336  \\$atext$btxt$2rdacontent$0http://rdaregistry.info/termList/RDAContentType/1020
=337  \\$aunmediated$bn$2rdamedia$0http://rdaregistry.info/termList/RDAMediaType/1007
=338  \\$avolume$bnc$2rdacarrier$0http://rdaregistry.info/termList/RDACarrierType/1049
=340  \\$b19.5 cm

