=LDR  04596nam a2200889uc 4500
=001  1079473319
=003  DE-101
=005  20171202145712.0
=007  cr||||||||||||
=008  151130s2014\\\\gw\|||||o||||\00||||eng\\
=015  \\$a15,O12$2dnb
=016  7\$2DE-101$a1079473319
=020  \\$a9783839422021$9978-3-8394-2202-1
=024  7\$2urn$aurn:nbn:de:101:1-20151130682
=040  \\$a1140$bger$cDE-101$d9999
=041  \\$aeng
=044  \\$cXA-DE-NW
=082  04$81\u$a823.910936$qDE-101$222/ger
=083  7\$82\p$a820$a810$qDE-101$223sdnb
=085  \\$81\u$b823
=085  \\$81\u$z3C$s36
=100  1\$0(DE-588)136911498$0https://d-nb.info/gnd/136911498$0(DE-101)136911498$aMieszkowski, Sylvia$eVerfasser$4aut$2gnd$1http://viaf.org/viaf/89826060$4http://rdaregistry.info/Elements/w/object/P10061
=240  \\$aResonant Alterities : Sound, Desire and Anxiety in Non-Realist Fiction$1http://viaf.org/viaf/89826060/resonantalterities
=245  10$aResonant Alterities$bSound, Desire and Anxiety in Non-Realist Fiction$cSylvia Mieszkowski
=264  \1$aBielefeld$btranscript Verlag$c2014
=300  \\$aOnline-Ressource
=336  \\$aText$btxt$2rdacontent$0http://rdaregistry.info/termList/RDAContentType/1020
=337  \\$aComputermedien$bc$2rdamedia$0http://rdaregistry.info/termList/RDAMediaType/1003
=338  \\$aOnline-Ressource$bcr$2rdacarrier$0http://rdaregistry.info/termList/RDACarrierType/1018
=336  \\$atekst$0http://rdaregistry.info/termList/RDAContentType/1020
=337  \\$adatamaskin$0http://rdaregistry.info/termList/RDAMediaType/1003
=338  \\$aonline ressurs$0http://rdaregistry.info/termList/RDACarrierType/1018
=347  \\$adata file$2rda
=380  \\$aSpråkbasert verk$1https://schema.nb.no/Bibliographic/Values/V1000
=490  0\$aKultur- und Medientheorie
=500  \\$aLizenzpflichtig
=583  1\$aArchivierung/Langzeitarchivierung gewährleistet$5DE-101$2pdager
=600  17$0(DE-588)1067701850$0https://d-nb.info/gnd/1067701850$0(DE-101)1067701850$aBlackwood, Algernon$d1869-1951$tThe human chord$9rswk-swf$2gnd$1http://viaf.org/viaf/314205807
=600  17$0(DE-588)1067702563$0https://d-nb.info/gnd/1067702563$0(DE-101)1067702563$aLee, Vernon$d1856-1935$tA wicked voice$9rswk-swf$2gnd$1http://viaf.org/viaf/312451400
=600  17$0(DE-588)1067703608$0https://d-nb.info/gnd/1067703608$0(DE-101)1067703608$aBallard, J. G.$d1930-2009$tThe sound-sweep$9rswk-swf$2gnd$1http://www.wikidata.org/entity/Q7765388
=600  17$0(DE-588)7630810-8$0https://d-nb.info/gnd/7630810-8$0(DE-101)990894754$aDeLillo, Don$d1936-$tThe body artist$9rswk-swf$2gnd$1http://www.wikidata.org/entity/Q7718980
=653  \\$a(BIC subject category)AVA
=653  \\$a(BIC subject category)DSB
=653  \\$a(BISAC Subject Heading)LIT004020
=653  \\$a(BISAC Subject Heading)LIT004120
=653  \\$a(BISAC Subject Heading)MUS020000
=653  \\$a(DDC 22 ger)780
=653  \\$a(DDC 22 ger)810
=653  \\$a(DDC 22 ger)820
=653  \\$a(Produktform)Electronic book text
=653  \\$a(VLB-WN)9564
=653  \\$aAlgernon Blackwood
=653  \\$aAmerican Studies
=653  \\$aBritish Studies
=653  \\$aCulture
=653  \\$aDon DeLillo
=653  \\$aGeneral Literature Studies
=653  \\$aJ.G. Ballard
=653  \\$aLiterary Studies
=653  \\$aLiterature
=653  \\$aPerception
=653  \\$aSound
=653  \\$aTheory
=653  \\$aVernon Lee
=776  08$iDruckausg.$z9783837622027
=776  08$iErscheint auch als$nDruck-Ausgabe$aMieszkowski, Sylvia$tResonant alterities$dBielefeld : Transcript, 2014$h402 S.$w(DE-101)1025130936
=856  \0$uhttps://d-nb.info/1079473319/34$xLangzeitarchivierung Nationalbibliothek
=856  4\$qapplication/pdf$uhttp://www.transcript-verlag.de/978-3-8376-2202-7$xVerlag
=856  40$uhttps://nbn-resolving.org/urn:nbn:de:101:1-20151130682$xResolving-System

