=LDR  01362nam a2200325 c 4500
=001  831038969
=003  DE-101
=005  20171202083007.0
=007  tu
=008  830826s1983\\\\gw\|||||\||||\00||||ger\\
=015  \\$a83,A43,0709$2dnb
=016  7\$2DE-101$a831038969
=020  \\$a351837396X$ckart. : DM 10.00$93-518-37396-X
=020  \\$a9783518373965$ckart. : DM 10.00$9978-3-518-37396-5
=040  \\$a1200$bger$cDE-101$d9999
=041  \\$ager
=044  \\$cXA-DE
=084  \\$a59$a810$a820$a830$a839$a840$a850$a860$a870$a880$a890$aB$qDE-101$2sdnb
=100  1\$0(DE-588)118656929$0https://d-nb.info/gnd/118656929$0(DE-101)118656929$aBallard, J. G.$d1930-2009$eVerfasser$4aut$2gnd$1http://viaf.org/viaf/9842556$4http://rdaregistry.info/Elements/w/object/P10061
=240  10$aBillennium$1http://viaf.org/viaf/308074297
=245  10$aBillennium$bScience-fiction-Erzählungen$cJ. G. Ballard
=264  \1$a[Frankfurt am Main]$bSuhrkamp$c1983
=300  \\$a233 S.$c18 cm
=336  \\$aText$btxt$2rdacontent$0http://rdaregistry.info/termList/RDAContentType/1020
=337  \\$aohne Hilfsmittel zu benutzen$bn$2rdamedia$0http://rdaregistry.info/termList/RDAMediaType/1007
=338  \\$aBand$bnc$2rdacarrier$0http://rdaregistry.info/termList/RDACarrierType/1049
=490  1\$aPhantastische Bibliothek$vBd. 96
=490  1\$aSuhrkamp Taschenbuch$v896
=830  \0$aPhantastische Bibliothek$vBd. 96$w(DE-101)012995118$w(DE-600)547149-7$9296$7as
=830  \0$aSuhrkamp Taschenbuch$v896$w(DE-101)015103463$w(DE-600)968207-7$93896$7as

