=LDR  01309nam a2200301 a 4500
=001  019310566
=003  UkOxU
=005  20120614121306.0
=008  120410s2011\\\\it\\\\\\\b\\\\000\0\ita\d
=020  \\$a9788874186563 :$c14.00 EUR.
=040  \\$aItFiC$beng$cItFiC$dUkOxU
=043  \\$ae-uk
=045  \\$ax4x-
=050  \4$aPR
=082  14$a823$221
=100  1\$aBrioni, Simone.$1http://viaf.org/viaf/251079462$4http://rdaregistry.info/Elements/w/object/P10061
=240  \\$aIl futuro quotidiano : saggi su J. G. Ballard$1http://viaf.org/viaf/251079462/ilfuturoquotidiano
=245  13$aIl futuro quotidiano :$bsaggi su J. G. Ballard /$cSimone Brioni ; con una prefazione di Paolo Simonetti.
=260  \\$aCivitavecchia :$bProspettiva,$c2011.
=300  \\$a150 pages ;$c20 cm.
=336  \\$atekst$0http://rdaregistry.info/termList/RDAContentType/1020
=337  \\$auformidlet$0http://rdaregistry.info/termList/RDAMediaType/1007
=338  \\$abind$0http://rdaregistry.info/termList/RDACarrierType/1049
=380  \\$aSpråkbasert verk$1https://schema.nb.no/Bibliographic/Values/V1000
=490  1\$aCostellazione Orione ;$v67
=504  \\$aIncludes bibliographical references.
=600  10$aBallard, J. G.$d1930-2009$xCriticism and interpretation.$1http://viaf.org/viaf/9842556
=830  \0$aCostellazione Orione ;$v67.

