=LDR  07025cam a22004693a 4500
=001  13834684
=003  SE-LIBR
=005  20150922184003.0
=007  cr\|||\\\|||||\\\\\\\\\
=008  130123s2011\\\\xxk|||||o|||||000\0|eng|d
=020  \\$a0230346480$c£60.00
=020  \\$a9780230346482$c£60.00
=020  \\$z9780230278127 (Print)
=040  \\$aUK-WkNB$beng$cUK-WkNB$ea
=041  \\$aeng
=072  \7$aDSBH$2bicssc
=072  \7$aDSK$2bicssc
=072  \7$aLIT$2eflch
=082  04$a823.914$222
=130  00$aJ. G. Ballard : Visions and Revisions$1http://viaf.org/viaf/11777409/jgballardvisionsandrevisions
=245  10$aJ. G. Ballard: Visions and revisions$h[Elektronisk resurs] /$cEdited by Jeannette Baxter, Rowland Wymer.
=264  \1$aBasingstoke :$bPalgrave Macmillan,$c2011
=300  \\$a272 pages.
=336  \\$atekst$0http://rdaregistry.info/termList/RDAContentType/1020
=337  \\$adatamaskin$0http://rdaregistry.info/termList/RDAMediaType/1003
=338  \\$aonline ressurs$0http://rdaregistry.info/termList/RDACarrierType/1018
=347  \\$adata file$2rda
=380  \\$aSpråkbasert verk$1https://schema.nb.no/Bibliographic/Values/V1000
=365  \\$a02$b60.00$cGBP$d00$hS 50.00 20.0 60.00 10.00$jGB$kxxk$mPalgrave Macmillan$2onix-pt
=366  \\$b20111108$cIP 20111124$jGB$kxxk$mPalgrave Macmillan$2UK-WkNB
=500  \\$aElectronic book text.
=500  \\$aEpublication based on: 9780230278127, 2011.
=505  8\$aAcknowledgements Notes on Contributors Introduction: J.Baxter & R.Wymer  PART I: 'FICTIONS OF EVERY KIND': FORM AND NARRATIVE Ballard's Story of O: 'The Voices of Time' and the Quest for (Non)Identity-- R.Wymer Ballard/Atrocity/Conner/Exhibition/Assemblage-- R.Luckhurst Uncanny Forms: Reading Ballard's 'Non-Fiction'-- J.Baxter  PART II: ' THE ANGLE BETWEEN TWO WALLS': SEX, GEOMETRY AND THE BODY Pornographic Geometries: The Spectacle as Pathology and as Therapy in The Atrocity Exhibition-- J.H.Bon Hua  Disaffection and Abjection in J. G. Ballard's The Atrocity Exhibition and Crash-- E.Whiting  Chapter Six: Reading Posture and Gesture in Ballard's Novels-- D.O'Hara  PART III: 'BABYLON REVISITED': BALLARD'S LONDONS The Texture of Modernity in J. G. Ballard's Crash, Concrete Island and High-Rise-- S.Groes J. G. Ballard and William Blake: Historicizing the Reprobate Imagination-- A.Cormack Late Ballard-- D.James  PART IV: 'THE PERSONAL IS POLITICAL': PSYCHOLOGY AND SOCIOPATHOLOGY Empires of the Mind: Autobiography and Anti-imperialism in the Work of J.G. Ballard-- I.Paddy  'Going mad is their only way of staying sane': The Civilized Violence of J. G. Ballard-- J.Carter Wood The Madness of Crowds: Ballard's Experimental Communities-- J.Huntley  'Uncentred Lives': Micronationalism in the Work of J. G. Ballard-- S.Sellars  Index.
=516  \\$aDocument
=520  \\$aProviding an extensive reassessment of dominant and recurring themes in Ballard's writing, including historical violence, pornography, post 9/11 politics, and urban space, this book also engages with Ballard's 'late' modernism; his experimentation with style and form; and his sustained interests in psychology and psychopathology.$bJ. G. Ballard: Visions and Revisions is a response to the formal and contextual diversity of one of the most significant writers of the post-war period. Providing an extensive reassessment of dominant and recurring themes in Ballard's writing, including historical violence, pornography, post 9/11 politics, and urban space, it also engages with Ballard's 'late' modernism; his experimentation with style and form; and his sustained interests in psychology and psychopathology. The volume addresses the full range of Ballard's writing, including his early science fiction stories, his experiments with 'condensed novels', his 'urban disaster' trilogy (including Crash), his autobiographical fictions, his late critiques of globalized capitalism, and his extensive non-fictional output of essays and reviews.
=520  1\$a'This volume makes a brilliant contribution to our understanding of the sheer range, originality and uniqueness of Ballard's talents. In doing so, it also opens up a fascinating range of hitherto underexplored intellectual and cultural contexts of the period 1960 to the present. This is a collection of the highest distinction.' - Professor Patricia Waugh, Department of English Studies, University of Durham, UK.
=538  \\$aPDF.
=545  0\$aJEANNETTE BAXTER is Senior Lecturer in English Literature at Anglia Ruskin University, Cambridge, UK. She is the author of J. G. Ballard's Surrealist Imagination: Spectacular Authorship (Ashgate 2009); editor of J. G. Ballard: Contemporary Critical Perspectives (Continuum 2008); co-editor of W.G. Sebald: Critical Essays (Manchester 2012), and author of numerous essays in the areas of literary modernism, postmodernism, and contemporary British fiction.     ROWLAND WYMER is a Professor of English at Anglia Ruskin University, Cambridge, UK. His publications include Suicide and Despair in the Jacobean Drama (1986), Webster and Ford (1995), and Derek Jarman (2005), as well as a number of co-edited collections of essays, including Neo-Historicism (2000) and The Accession of James I: Historical and Cultural Consequences (2006). He is currently working on a book on science fiction and religion and editing The Witch of Edmonton for the Oxford edition of The Complete Works of John Ford.   JEANNETTE BAXTER is Senior Lecturer in English Literature at Anglia Ruskin University, Cambridge, UK. She is the author of J. G. Ballard's Surrealist Imagination: Spectacular Authorship (Ashgate 2009); editor of J. G. Ballard: Contemporary Critical Perspectives (Continuum 2008); co-editor of W.G. Sebald: Critical Essays (Manchester 2012), and author of numerous essays in the areas of literary modernism, postmodernism, and contemporary British fiction.   ROWLAND WYMER is a Professor of English at Anglia Ruskin University, Cambridge, UK. His publications include Suicide and Despair in the Jacobean Drama (1986), Webster and Ford (1995), and Derek Jarman (2005), as well as a number of co-edited collections of essays, including Neo-Historicism (2000) and The Accession of James I: Historical and Cultural Consequences (2006). He is currently working on a book on science fiction and religion and editing The Witch of Edmonton for the Oxford edition of The Complete Works of John Ford.
=600  10$aBallard, J. G.$d1930-$xCriticism and interpretation.$1http://viaf.org/viaf/9842556
=650  \7$aLiterary studies: fiction, novelists & prose writers$xEnglish.$2bicssc
=650  \7$aLiterary studies: from c 1900 -$xEnglish.$2bicssc
=650  \7$aLiterature.$2eflch
=700  1\$aBaxter, Jeannette.$4edc$4aui$1http://viaf.org/viaf/11777409
=700  1\$aWymer, Rowland.$4edc$4aui
=776  08$iPrint version:$tJ. G. Ballard: Visions and revisions$z9780230278127 (Print)
=856  40$5Hdig$uhttp://link.sub.su.se/sfxsub?url_ver=Z39.88-2004&ctx_ver=Z39.88-2004&ctx_enc=info:ofi/enc:UTF-8&rfr_id=info:sid/sfxit.com:opac_856&url_ctx_fmt=info:ofi/fmt:kev:mtx:ctx&sfx.ignore_date_threshold=1&rft.object_id=2670000000127741&svc_val_fmt=info:ofi/fmt:kev:mtx:sch_svc&$zTillgänglig för användare inom Stockholms universitet$zEBSCOhost Ebooks:Full Text
=856  42$uhttp://dx.doi.org/10.1057/9780230346482$x856other$zTable of Contents / Abstracts

