=LDR  00711cam a22002298i 4500
=001  22064164
=003  SE-LIBR
=005  20181003094235.0
=008  171206s1994\\\\xx\|||||||||||000\0|eng|d
=020  \\$a9780006547013$qpocket
=040  \\$aBOKR$ei
=041  \\$aeng
=100  1\$aBallard, J. G.$4aut$1http://viaf.org/viaf/9842556$4http://rdaregistry.info/Elements/w/object/P10061
=240  10$aThe kindness of women$1http://viaf.org/viaf/8009153289944232770002
=245  10$aKindness of women
=263  \\$a199409
=264  \1$bHarpercollins Publishers,$c1994
=300  \\$a352 sidor$c19.6 cm
=336  \\$atext$btxt$2rdacontent$0http://rdaregistry.info/termList/RDAContentType/1020
=337  \\$aunmediated$bn$2rdamedia$0http://rdaregistry.info/termList/RDAMediaType/1007
=338  \\$avolume$bnc$2rdacarrier$0http://rdaregistry.info/termList/RDACarrierType/1049
=340  \\$b19.6 cm

