=LDR  01351nam a2200337 c 4500
=001  780278844
=003  DE-101
=005  20171202032013.0
=007  tu
=008  780512s1978\\\\gw\|||||\||||\00||||ger\\
=015  \\$a78,A28,0330$2dnb
=016  7\$2DE-101$a780278844
=020  \\$a3453305019$ckart. : DM 3.80$93-453-30501-9
=020  \\$a9783453305014$ckart. : DM 3.80$9978-3-453-30501-4
=040  \\$a1200$bger$cDE-101$d9999
=041  \\$ager
=044  \\$cXA-DE
=082  74$a810$aB$qDE-101$222sdnb
=100  1\$0(DE-588)118656929$0https://d-nb.info/gnd/118656929$0(DE-101)118656929$aBallard, J. G.$d1930-2009$eVerfasser$4aut$2gnd$1http://viaf.org/viaf/9842556$4http://rdaregistry.info/Elements/w/object/P10061
=245  10$aDer Sturm aus dem Nichts$bScience-fiction-Roman$cJames Graham Ballard. [Dt. Übers. von Gisela Stege]
=250  \\$aNeuausg.
=259  \\$ane
=264  \1$aMünchen$bHeyne$c1978
=300  \\$a154 S.$c18 cm
=336  \\$aText$btxt$2rdacontent$0http://rdaregistry.info/termList/RDAContentType/1020
=337  \\$aohne Hilfsmittel zu benutzen$bn$2rdamedia$0http://rdaregistry.info/termList/RDAMediaType/1007
=338  \\$aBand$bnc$2rdacarrier$0http://rdaregistry.info/termList/RDACarrierType/1049
=490  1\$aHeyne-Bücher$vNr. 3158 : Science-fiction
=500  \\$aAus d. Amerikan. übers.
=700  12$aBallard, J. G.$d1930-2009$2gnd$tThe wind from nowhere$gdt.$1http://viaf.org/viaf/3869162301514520270000
=830  \0$aHeyne-Bücher$vNr. 3158 : Science-fiction$943158

