=LDR  00841nam a2200229   4500
=001  bimo0000240389
=003  SpMaBN
=005  20160217004803.4
=008  850128s1984\\\\sp\\\\\\\\\\\\000\\\spa\\
=016  7\$abimoBNE19921608263$zIBH8405822990$2SpMaBN
=017  \\$aB 13941-1984$bOficina Depósito Legal Barcelona
=020  \\$a84-350-0443-0
=040  \\$aIBH$bspa$cSpMaBN$erdc
=041  1\$aspa$heng
=080  \\$a820-31"19"
=100  1\$aBallard, J. G.$d1930-2009$0XX1721261$1http://viaf.org/viaf/9842556$4http://rdaregistry.info/Elements/w/object/P10061
=240  14$aThe drought$lEspañol$1http://viaf.org/viaf/308000706
=245  13$aLa sequía$h[Texto impreso]$cJ.G. Ballard ; [traducción, Luis Domènech]
=250  \\$a1ª ed., 1ª reimp.
=260  \\$aBarcelona$bMinotauro$c1984
=300  \\$a276 pages$c19 cm
=336  \\$atekst$0http://rdaregistry.info/termList/RDAContentType/1020
=337  \\$auformidlet$0http://rdaregistry.info/termList/RDAMediaType/1007
=338  \\$abind$0http://rdaregistry.info/termList/RDACarrierType/1049
=380  \\$aSpråkbasert verk$1https://schema.nb.no/Bibliographic/Values/V1000
=700  1\$aDomènech, Luis$d1922-2014$4trl$1http://viaf.org/viaf/2296633

