=LDR  01612cam a22003737c 4500
=001  991313701464702201
=003  BIBSYS
=005  20150206120624.0
=007  ta
=008  150206s1971\\\\xx#|||||||||||000|f|eng|d
=020  \\$a0090038908$qh.
=040  \\$aNO-TrBIB$bnob$ekatreg
=245  04$aThe new SF :$bAn original anthology of modern speculative fiction$cEdited by Langdon Jones
=260  \\$aLondon$bArrow Books$c1971
=300  \\$a224 s.
=336  \\$atekst$0http://rdaregistry.info/termList/RDAContentType/1020
=337  \\$auformidlet$0http://rdaregistry.info/termList/RDAMediaType/1007
=338  \\$abind$0http://rdaregistry.info/termList/RDACarrierType/1049
=380  \\$aSpråkbasert verk$1https://schema.nb.no/Bibliographic/Values/V1000
=655  \7$ascience fiction$2noubonm
=700  1\$aAldiss, Brian W.$d1925-$4ctb$0(NO-TrBIB)90056060$1http://viaf.org/viaf/2465493
=700  1\$aBallard, J.G.$d1930-2009$4ctb$0(NO-TrBIB)90199005$4ctb$1http://viaf.org/viaf/9842556
=700  1\$aButterworth, Michael.$4ctb$0(NO-TrBIB)13013759
=700  1\$aDisch, Thomas M..$4ctb$0(NO-TrBIB)90705277$1http://viaf.org/viaf/51688624
=700  1\$aGordon, Giles.$4ctb$0(NO-TrBIB)90687517
=700  1\$aJakubowski, Maxim.$4ctb$0(NO-TrBIB)90605023
=700  1\$aJones, Langdon.$4edt$0(NO-TrBIB)12069045
=700  1\$aMacBeth, George.$4ctb$0(NO-TrBIB)90119481
=700  1\$aMoorcock, Michael$d1939-$4ctb$0(NO-TrBIB)90226506
=700  1\$aPlatt, Charles$4ctb$0(NO-TrBIB)90054352
=700  1\$aSallis, James$4ctb$0(NO-TrBIB)97036478
=700  1\$aSladek, John$d1937-2000$4ctb$0(NO-TrBIB)90257574
=700  1\$aThomas, D. M.$d1935-$4ctb$0(NO-TrBIB)90118522
=700  1\$aZoline, Pamela.$4ctb$0(NO-TrBIB)7067159

