=LDR  01174nam a2200277 c 4500
=001  a5263005
=003  SpMaBN
=005  20191220022914.6
=008  120925s2012\\\\sp\\\\\|\||||\000\0\spa\\
=015  \\$aMON12
=017  \\$aGR 1174-2012$bOficina Depósito Legal Granada
=020  \\$a978-84-15156-42-0
=040  \\$aSpMaBN$bspa$cSpMaBN$erdc
=080  \\$a821.134.2-32"19"
=100  1\$aSantos, Domingo$d1941-$0XX1108386$1http://viaf.org/viaf/72726712$4http://rdaregistry.info/Elements/w/object/P10061
=240  \\$aHomenaje$1http://viaf.org/viaf/72726712/homenaje
=245  10$aHomenaje$cDomingo Santos
=246  0\$iSubtítulo de la cubierta$aEl maestro de la ciencia ficción española rinde homenaje a Isaac Asimov, J.R.R. Tolkien, J.G. Ballard ...
=250  \\$a1ª ed.
=260  \\$aGranada$bGrupo AJEC$c2011
=300  \\$a382 pages$c23 cm
=336  \\$atekst$0http://rdaregistry.info/termList/RDAContentType/1020
=337  \\$auformidlet$0http://rdaregistry.info/termList/RDAMediaType/1007
=338  \\$abind$0http://rdaregistry.info/termList/RDACarrierType/1049
=380  \\$aSpråkbasert verk$1https://schema.nb.no/Bibliographic/Values/V1000
=490  0\$aArrakis ficción$v11

