=LDR  01442nam a2200349 c 4500
=001  921195443
=003  DE-101
=005  20171202173123.0
=007  tu
=008  920902s1992\\\\gw\|||||\||||\00||||ger\\
=015  \\$a92,A40,1138$2dnb
=016  7\$2DE-101$a921195443
=020  \\$a3518384538$ckart. : DM 12.00$93-518-38453-8
=020  \\$a9783518384534$ckart. : DM 12.00$9978-3-518-38453-4
=040  \\$a1200$bger$cDE-101$d9999
=041  \\$81\p$ager
=044  \\$cXA-DE
=084  \\$a59$a810$a820$a830$a839$a840$a850$a860$a870$a880$a890$aB$qDE-101$2sdnb
=100  1\$0(DE-588)118656929$0https://d-nb.info/gnd/118656929$0(DE-101)118656929$aBallard, J. G.$d1930-2009$eVerfasser$4aut$2gnd$1http://viaf.org/viaf/9842556$4http://rdaregistry.info/Elements/w/object/P10061
=240  10$aConcrete Island$1http://viaf.org/viaf/174604532
=245  10$aBetoninsel$bRoman$cJ. G. Ballard. Aus dem Engl. von Herbert Genzmer
=250  \\$aErstausg., 1. Aufl.
=259  \\$a11
=264  \1$aFrankfurt am Main$bSuhrkamp$c1992
=300  \\$a136 S.$c18 cm
=336  \\$aText$btxt$2rdacontent$0http://rdaregistry.info/termList/RDAContentType/1020
=337  \\$aohne Hilfsmittel zu benutzen$bn$2rdamedia$0http://rdaregistry.info/termList/RDAMediaType/1007
=338  \\$aBand$bnc$2rdacarrier$0http://rdaregistry.info/termList/RDACarrierType/1049
=490  1\$aPhantastische Bibliothek$vBd. 283
=490  1\$aSuhrkamp Taschenbuch$v1953
=830  \0$aPhantastische Bibliothek$vBd. 283$w(DE-101)012995118$w(DE-600)547149-7$93283$7as
=830  \0$aSuhrkamp Taschenbuch$v1953$w(DE-101)015103463$w(DE-600)968207-7$941953$7as

