=LDR  01187nam a2200277 c 4500
=001  455603774
=003  DE-101
=005  20190326165031.0
=007  tu
=008  941115s1970\\\\gw\|||||\||||\00||||ger\\
=016  7\$2DE-101$a455603774
=020  \\$a3547711533$cengl. brosch. : 12.-$93-547-71153-3
=040  \\$a1200$bger$cDE-101$d1215
=041  \\$ager
=044  \\$cXA-DE
=084  \\$a59$a810$a820$a830$a839$a840$a850$a860$a870$a880$a890$aB$qDE-101$2sdnb
=100  1\$0(DE-588)118656929$0https://d-nb.info/gnd/118656929$0(DE-101)118656929$aBallard, J. G.$d1930-2009$eVerfasser$4aut$2gnd$1http://viaf.org/viaf/9842556$4http://rdaregistry.info/Elements/w/object/P10061
=240  10$aThe Drowned World$1http://viaf.org/viaf/309277534
=245  10$aKarneval der Alligatoren$bRoman$cJ. G. Ballard. [Aus d. Engl. übers. von Inge Wiskott]
=264  \1$aHamburg$aDüsseldorf$bvolume Schröder$c1970
=300  \\$a198 S.$c8
=336  \\$aText$btxt$2rdacontent$0http://rdaregistry.info/termList/RDAContentType/1020
=337  \\$aohne Hilfsmittel zu benutzen$bn$2rdamedia$0http://rdaregistry.info/termList/RDAMediaType/1007
=338  \\$aBand$bnc$2rdacarrier$0http://rdaregistry.info/termList/RDACarrierType/1049
=490  0\$ascience fiction und fantastica
=700  12$aBallard, J. G.$d1930-2009$2gnd$tThe drowned world$gdt.$1http://viaf.org/viaf/309277534

