=LDR  00820nam a2200229   4500
=001  bimo0001544252
=003  SpMaBN
=005  20200515015428.6
=008  000605r20001987sp\|\\\\\\\\\\|||\||spa\\
=016  7\$abimoBNE20001259759$2SpMaBN
=017  \\$aB 4512-2000$bOficina Depósito Legal Barcelona
=020  \\$a84-450-7332-X
=040  \\$aSpMaBN$bspa$cSpMaBN$erdc
=041  1\$aspa$heng
=080  \\$a821.111-34"19"
=100  1\$aBallard, J. G.$d1930-2009$0XX1721261$1http://viaf.org/viaf/9842556$4http://rdaregistry.info/Elements/w/object/P10061
=240  10$aTerminal beach$lEspañol$1http://www.wikidata.org/entity/Q7768486
=245  10$aPlaya terminal$h[Texto impreso]$cJ.G. Ballard
=250  \\$a1ª ed. en bolsillo
=260  \\$aBarcelona$bMinotauro$c2000
=300  \\$a291 pages$c20 cm
=336  \\$atekst$0http://rdaregistry.info/termList/RDAContentType/1020
=337  \\$auformidlet$0http://rdaregistry.info/termList/RDAMediaType/1007
=338  \\$abind$0http://rdaregistry.info/termList/RDACarrierType/1049
=380  \\$aSpråkbasert verk$1https://schema.nb.no/Bibliographic/Values/V1000
=594  \\$aTraducción de: Terminal beach

