=LDR  01371nam a2200337 c 4500
=001  810570386
=003  DE-101
=005  20171202061656.0
=007  tu
=008  810430s1981\\\\gw\|||||\||||\00||||ger\\
=015  \\$a81,A28,0379$2dnb
=016  7\$2DE-101$a810570386
=020  \\$a3453307445$ckart. : DM 4.80$93-453-30744-5
=020  \\$a9783453307445$ckart. : DM 4.80$9978-3-453-30744-5
=040  \\$a1200$bger$cDE-101$d9999
=041  \\$ager
=044  \\$cXA-DE
=084  \\$a59$a810$a820$a830$a839$a840$a850$a860$a870$a880$a890$aB$qDE-101$2sdnb
=100  1\$0(DE-588)118656929$0https://d-nb.info/gnd/118656929$0(DE-101)118656929$aBallard, J. G.$d1930-2009$eVerfasser$4aut$2gnd$1http://viaf.org/viaf/9842556$4http://rdaregistry.info/Elements/w/object/P10061
=245  10$aDie Betoninsel$bScience-fiction-Roman$cJames Graham Ballard. [Dt. Übers. von Walter Brumm]
=250  \\$aDt. Erstveröff.
=259  \\$adte
=264  \1$aMünchen$bHeyne$c1981
=300  \\$a187 S.$c18 cm
=336  \\$aText$btxt$2rdacontent$0http://rdaregistry.info/termList/RDAContentType/1020
=337  \\$aohne Hilfsmittel zu benutzen$bn$2rdamedia$0http://rdaregistry.info/termList/RDAMediaType/1007
=338  \\$aBand$bnc$2rdacarrier$0http://rdaregistry.info/termList/RDACarrierType/1049
=490  1\$aHeyne-Bücher$vNr. 3803 : Science fiction
=500  \\$aAus d. Engl. übers.
=700  12$aBallard, J. G.$d1930-2009$2gnd$tConcrete island$gdt.$1http://viaf.org/viaf/174604532
=700  12$aWalter, Brumm$4trl$1https://isni.org/isni/0000000388879998
=830  \0$aHeyne-Bücher$vNr. 3803 : Science fiction$943803

