=LDR  01583cam a2200361 c 4500
=001  999319092604702201
=003  BIBSYS
=005  20211031230943.0
=007  cr||||||||||||
=007  ta
=008  150206s1993\\\\no#|||||\|||||000|1|nob|\
=015  \\$a9300949$2nbf
=020  \\$a8203168779$cNkr 319.00
=040  \\$aNO-OsNB$bnob$ekatreg
=041  1\$heng
=042  \\$anorbibl
=044  \\$cno
=082  74$a823$qNO-OsNB$24/nor
=084  \\$aS 13 Ballard, J. G.$2oosk
=100  1\$aBallard, J.G.$d1930-2009$0(NO-TrBIB)90199005$1http://viaf.org/viaf/9842556$4http://rdaregistry.info/Elements/w/object/P10061
=240  10$aThe kindness of women$1http://viaf.org/viaf/8009153289944232770002
=245  10$aKvinners vennlighet$cJ. G. Ballard ; oversatt av Bjørn Alex Herrman
=246  1\$aThe kindness of women$iOriginaltittel
=260  \\$aOslo$bAschehoug$c1993
=300  \\$a301 s.
=336  \\$atekst$0http://rdaregistry.info/termList/RDAContentType/1020
=337  \\$auformidlet$0http://rdaregistry.info/termList/RDAMediaType/1007
=338  \\$abind$0http://rdaregistry.info/termList/RDACarrierType/1049
=347  \\$adata file$2rda
=380  \\$aSpråkbasert verk$1https://schema.nb.no/Bibliographic/Values/V1000
=533  \\$aElektronisk reproduksjon$b[Norge]$cNasjonalbiblioteket Digital$d2010-02-26
=700  1\$aHerrman, Bjørn Alex$4trl
=856  41$3Fulltekst$uhttps://www.nb.no/search?q=oaiid:"oai:nb.bibsys.no:999319092604702202"&mediatype=bøker$yNettbiblioteket$zSøke-URL
=856  42$3Beskrivelse fra Forlagssentralen$uhttp://content.bibsys.no/content/?type=descr_forlagssentr&isbn=8203168779

