=LDR  01524nam a2200349 c 4500
=001  850096642
=003  DE-101
=005  20171202093318.0
=007  tu
=008  850111s1984\\\\gw\|||||\||||\00||||ger\\
=015  \\$a85,A05,0965$2dnb
=016  7\$2DE-101$a850096642
=020  \\$a3518375822$ckart. : DM 8.00$93-518-37582-2
=020  \\$a9783518375822$ckart. : DM 8.00$9978-3-518-37582-2
=040  \\$a1200$bger$cDE-101$d9999
=041  \\$ager
=044  \\$cXA-DE
=084  \\$a59$a810$a820$a830$a839$a840$a850$a860$a870$a880$a890$aB$qDE-101$2sdnb
=100  1\$0(DE-588)118656929$0https://d-nb.info/gnd/118656929$0(DE-101)118656929$aBallard, J. G.$d1930-2009$eVerfasser$4aut$2gnd$1http://viaf.org/viaf/9842556$4http://rdaregistry.info/Elements/w/object/P10061
=245  10$aDie Zeitgräber und andere phantastische Erzählungen$cJ. G. Ballard. [Aus d. Engl. von Charlotte Franke]
=250  \\$a1. Aufl.
=259  \\$a11
=264  \1$aFrankfurt am Main$bSuhrkamp$c1984
=300  \\$a171 S.$c18 cm
=336  \\$aText$btxt$2rdacontent$0http://rdaregistry.info/termList/RDAContentType/1020
=337  \\$aohne Hilfsmittel zu benutzen$bn$2rdamedia$0http://rdaregistry.info/termList/RDAMediaType/1007
=338  \\$aBand$bnc$2rdacarrier$0http://rdaregistry.info/termList/RDACarrierType/1049
=490  1\$aPhantastische Bibliothek$vBd. 138
=490  1\$aSuhrkamp Taschenbuch$v1082
=700  12$aBallard, J. G.$d1930-2009$2gnd$tThe Venus hunters$gdt.$1http://viaf.org/viaf/1189145424650786831387
=830  \0$aPhantastische Bibliothek$vBd. 138$w(DE-101)012995118$w(DE-600)547149-7$93138$7as
=830  \0$aSuhrkamp Taschenbuch$v1082$w(DE-101)015103463$w(DE-600)968207-7$941082$7as

