=LDR  01192cam a2200277   4500
=001  a4548624
=003  SpMaBN
=005  20210929030821.4
=008  090616s2009\\\\sp\\\\\|\||||\000\0\spa\\
=015  \\$aMON0910
=017  \\$aM 22693-2009$bOficina Depósito Legal Madrid
=020  \\$a978-84-9889-029-7
=040  \\$aSpMaBN$bspa$cSpMaBN$erdc
=080  \\$a821.111 Ballard, J.G. 1.07
=100  1\$aCapanna, Pablo$d1939-$0XX1228615$1http://viaf.org/viaf/11306820$4http://rdaregistry.info/Elements/w/object/P10061
=240  \\$aJ. G. Ballard : el tiempo desolado$1http://viaf.org/viaf/11306820/jgballard
=245  10$aJ. G. Ballard$h[Texto impreso] :$bel tiempo desolado$cPablo Capanna
=250  \\$a1ª ed.
=260  \\$aMadrid$bAlamut$c2009
=300  \\$a228 pages$c22 cm
=336  \\$atekst$0http://rdaregistry.info/termList/RDAContentType/1020
=337  \\$auformidlet$0http://rdaregistry.info/termList/RDAMediaType/1007
=338  \\$abind$0http://rdaregistry.info/termList/RDACarrierType/1049
=380  \\$aSpråkbasert verk$1https://schema.nb.no/Bibliographic/Values/V1000
=490  0\$aMarelle
=600  17$aBallard, J. G.$d1930-2009$xCrítica e interpretación$2embne$1http://viaf.org/viaf/9842556

