=LDR  00792nam a2200229 a 4500
=001  016717793
=003  UkOxU
=005  20080704114701.0
=008  040109r20041973enk\\\\\\\\\\\000\1\eng\d
=015  \\$aGB A4-X2335
=020  \\$a0099466899 (pbk.)
=040  \\$aBDS
=082  0\$a823.914$222
=100  1\$aBallard, J. G.$d1930-2009$1http://viaf.org/viaf/9842556$4http://rdaregistry.info/Elements/w/object/P10061
=240  10$aCrash$1http://viaf.org/viaf/305922109
=245  10$aCrash /$cJ. G. Ballard
=260  \\$aLondon :$bVintage,$c2004.
=300  \\$a224 pages ;$c18 cm.
=336  \\$atekst$0http://rdaregistry.info/termList/RDAContentType/1020
=337  \\$auformidlet$0http://rdaregistry.info/termList/RDAMediaType/1007
=338  \\$abind$0http://rdaregistry.info/termList/RDACarrierType/1049
=380  \\$aSpråkbasert verk$1https://schema.nb.no/Bibliographic/Values/V1000
=500  \\$aOriginally published: London: Jonathan Cape, 1973.
=650  \0$aTraffic accident victims$xPsychology$vFiction.
=650  \0$aTraffic accident victims$xSexual behavior$vFiction.
=650  \0$aTraffic accidents$vFiction.

