=LDR  00914nam a2200253 i 4500
=001  bimo0000023625
=003  SpMaBN
=005  20200515011233.6
=008  880728s1987\\\\sp\\\\\\\\\\\\\\\\\\cat\\
=015  \\$a1988-OCT-18110
=016  7\$abimoBNE19910238632$zSAB9000026574$2SpMaBN
=017  \\$aB 2064-1987$bOficina Depósito Legal Barcelona
=020  \\$a84-85752-26-0
=040  \\$aSpMaBN$bspa$cSpMaBN$erdc
=080  \\$a820-32"19"
=100  1\$aBallard, J. G.$d1930-2009$0XX1721261$1http://viaf.org/viaf/9842556$4http://rdaregistry.info/Elements/w/object/P10061
=240  10$aVermilion sands$lCatalán$1http://viaf.org/viaf/307991538
=245  10$aSorres rogenques$h[Texto impreso]$cJ.G. Ballard ; traducció de Laura Santamaria
=250  \\$a[1ª ed.]
=260  \\$alella$bPleniluni$c1987
=300  \\$a201 pages$c18 cm
=336  \\$atekst$0http://rdaregistry.info/termList/RDAContentType/1020
=337  \\$auformidlet$0http://rdaregistry.info/termList/RDAMediaType/1007
=338  \\$abind$0http://rdaregistry.info/termList/RDACarrierType/1049
=380  \\$aSpråkbasert verk$1https://schema.nb.no/Bibliographic/Values/V1000
=440  \0$a2001$v12
=500  \\$aTraducción de: The vermilion sands
=700  1\$aSantamaria, Laura$4trl

