=LDR  03522cam a22007217c 4500
=001  991420559804702201
=003  BIBSYS
=005  20171205231059.0
=007  ta
=008  150206s1994\\\\xx#|||||||||||000|u|eng|d
=020  \\$a0312855095$qh.
=040  \\$aNO-TrBIB$bnob$ekatreg
=082  04$a808.838762$qNoOU$223
=083  0\$a808.38762$qNoOU$223
=245  04$aThe ascent of wonder :$bthe evolution of hard SF$cEdited by David G. Hartwell and Kathryn Cramer
=260  \\$aNew York$bTom Doherty Associates$c1994
=300  \\$a988 s.
=336  \\$atekst$0http://rdaregistry.info/termList/RDAContentType/1020
=337  \\$auformidlet$0http://rdaregistry.info/termList/RDAMediaType/1007
=338  \\$abind$0http://rdaregistry.info/termList/RDACarrierType/1049
=380  \\$aSpråkbasert verk$1https://schema.nb.no/Bibliographic/Values/V1000
=653  \\$afantasy$ascience$afiction
=655  \7$aScience fiction$2noubomn$0(NO-TrBIB)REAL030105
=655  \7$aScience fiction$2noubomn$0(NO-TrBIB)REAL030105
=700  1\$aAsimov, Isaac$d1920-1992$4ctb$0(NO-TrBIB)90104376$1http://viaf.org/viaf/24597135
=700  1\$aBallard, J.G.$d1930-2009$0(NO-TrBIB)90199005$4ctb$1http://viaf.org/viaf/9842556
=700  1\$aBear, Greg$d1951-$4ctb$0(NO-TrBIB)99017997
=700  1\$aBenford, Gregory$d1941-$4ctb$0(NO-TrBIB)90771280
=700  1\$aBlish, James$d1921-1975$4ctb$0(NO-TrBIB)99056514$1http://viaf.org/viaf/111470216
=700  1\$aBreuer, Miles J..$4ctb$0(NO-TrBIB)13011945
=700  1\$aCampbell, John W..$4ctb$0(NO-TrBIB)90210657
=700  1\$aClarke, Arthur C.$d1917-2008$q(Arthur Charles)$4ctb$0(NO-TrBIB)90725602$1http://viaf.org/viaf/27062571
=700  1\$aCramer, Kathryn.$4edt$0(NO-TrBIB)10010740
=700  1\$aForeward, Robert L.$4ctb$0(NO-TrBIB)14027116
=700  1\$aGibson, William,$d1948-$4ctb$0(NO-TrBIB)14068323
=700  1\$aGodwin, Tom$4ctb$0(NO-TrBIB)13011997
=700  1\$aGrant, Richard.$4ctb$0(NO-TrBIB)99029153
=700  1\$aHartwell, David G$4edt$0(NO-TrBIB)98031935
=700  1\$aHeinlein, Robert.$4ctb$0(NO-TrBIB)13011473
=700  1\$aIng, Dean.$4ctb$0(NO-TrBIB)12056608
=700  1\$aKingsbury, Donald M..$4ctb$0(NO-TrBIB)14027115
=700  1\$aKornbluth, C.M..$4ctb$0(NO-TrBIB)90955928
=700  1\$aKuttner, Henry.$4ctb$0(NO-TrBIB)2126815
=700  1\$aLatham, Philip.$4ctb$0(NO-TrBIB)13034869
=700  1\$aLe Guin, Ursula K.$d1929-2018$4ctb$0(NO-TrBIB)90052895
=700  1\$aMcCaffrey, Anne$d1926-2011$4ctb$0(NO-TrBIB)90152837
=700  1\$aMoore, C.L..$4ctb$0(NO-TrBIB)9028280
=700  1\$aNiven, Larry$d1938-$4ctb$0(NO-TrBIB)90950466
=700  1\$aPoe, Edgar Allan$d1809-1849$4ctb$0(NO-TrBIB)90081220
=700  1\$aRucker, Rudy.$4ctb$0(NO-TrBIB)90066669
=700  1\$aSchenk, Hilbert.$4ctb$0(NO-TrBIB)12068919
=700  1\$aSladek, John T..$4ctb$0(NO-TrBIB)14027114
=700  1\$aSterling, Bruice$4ctb$0(NO-TrBIB)14027113
=700  1\$aThomas, Theodore L..$4ctb$0(NO-TrBIB)90073818
=700  1\$aVinge, Verner$4ctb$0(NO-TrBIB)14027117
=700  1\$aWatson, Iain.$4ctb$0(NO-TrBIB)3028252
=700  1\$aWells, H.G.$d1866-1946$q(Herbert George)$4ctb$0(NO-TrBIB)90059385
=700  1\$aWilhelm, Kate.$4ctb$0(NO-TrBIB)90073819
=700  1\$aWolfe, Gene.$4ctb$0(NO-TrBIB)97049116
=856  42$3Miniatyrbilde$uhttps://contents.bibsys.no/content/images/small/3/9/9780312855093.jpg$qimage/jpeg
=856  42$3Omslagsbilde$uhttps://contents.bibsys.no/content/images/large/3/9/9780312855093.jpg$qimage/jpeg

