=LDR  01447cam a22003497c 4500
=001  991307062304702201
=003  BIBSYS
=005  20150206120624.0
=007  ta
=008  150206s1969\\\\xx#|||||||||||000|f|eng|d
=020  \\$a0425011089$qh.
=040  \\$aNO-TrBIB$bnob$ekatreg
=245  00$aSpectrum :$b3$cEd. Kingsley Amis & Robert Conquest
=260  \\$aNew York$bBerkley$c1969
=300  \\$a254 s.
=336  \\$atekst$0http://rdaregistry.info/termList/RDAContentType/1020
=337  \\$auformidlet$0http://rdaregistry.info/termList/RDAMediaType/1007
=338  \\$abind$0http://rdaregistry.info/termList/RDACarrierType/1049
=380  \\$aSpråkbasert verk$1https://schema.nb.no/Bibliographic/Values/V1000
=490  1\$aSpectrum$v3
=655  \7$ascience fiction$2noubonm
=700  1\$aAmis, Kingsley$d1922-1995$4edt$4edc$0(NO-TrBIB)90096252$1http://viaf.org/viaf/311112707
=700  1\$aAnderson, Poul$d1926-2001$4ctb$0(NO-TrBIB)90135259$1http://viaf.org/viaf/12304119
=700  1\$aBallard, J.G.$d1930-2009$4ctb$0(NO-TrBIB)90199005$1http://viaf.org/viaf/9842556
=700  1\$aBester, Alfred$d1913-1987$4ctb$0(NO-TrBIB)90083185
=700  1\$aClarke, Arthur C.$d1917-2008$q(Arthur Charles)$4ctb$0(NO-TrBIB)90725602$1http://viaf.org/viaf/27062571
=700  1\$aConquest, Robert$d1917-2015$4edt$0(NO-TrBIB)90092680
=700  1\$aLeinster, Murray.$4ctb$0(NO-TrBIB)12071884
=700  1\$aPhillips, Peter.$4ctb$0(NO-TrBIB)97054954
=700  1\$aRose, Poul.$4ctb$0(NO-TrBIB)13011960
=700  1\$aSturgeon, Theodore$d1918-1985$4ctb$0(NO-TrBIB)90967876$1http://viaf.org/viaf/100257330
=830  \0$aSpectrum$v3

