=LDR  00944nam a2200241   4500
=001  bimo0000323046
=003  SpMaBN
=005  20200515012742.6
=008  921021s1990\\\\sp\|\\\\\\\\\||||\||spa\d
=016  7\$abimoBNE19930491071$zSIC92004664$2SpMaBN
=017  \\$aB 505-1990$bOficina Depósito Legal Barcelona
=020  \\$a84-450-7151-3
=040  \\$aSpMaBN$bspa$cSIC
=080  \\$a820-31"19"
=100  1\$aBallard, J. G.$d1930-2009$0XX1721261$1http://viaf.org/viaf/9842556$4http://rdaregistry.info/Elements/w/object/P10061
=240  10$aThe unlimited dream company$1http://viaf.org/viaf/307972381
=245  10$aCompañia de sueños ilimitada$h[Texto impreso]$cJ.G. Ballard ; [traducción de Enrique Pezzoni y Marcial Souto]
=250  \\$a[1ª ed.]
=260  \\$aBarcelona$bMinotauro$c1990
=300  \\$a263 pages$c21 cm
=336  \\$atekst$0http://rdaregistry.info/termList/RDAContentType/1020
=337  \\$auformidlet$0http://rdaregistry.info/termList/RDAMediaType/1007
=338  \\$abind$0http://rdaregistry.info/termList/RDACarrierType/1049
=380  \\$aSpråkbasert verk$1https://schema.nb.no/Bibliographic/Values/V1000
=500  \\$aTraducción de: The unlimited dream company
=700  1\$aPezzoni, Enrique$d1926-1989$4trl
=700  1\$aSouto, Marcial$4trl$1https://isni.org/isni/0000000119351140

