=LDR  02632nam a2200505 i 4500
=001  q205pglbnz9tplbb
=003  SE-LIBR
=005  20200221153943.0
=008  200221t20182018enka|||||b||||001\0deng|\
=010  \\$a2017060028
=020  \\$a1350011681$q(HB)
=020  \\$a9781350011687$q(HB)
=020  \\$z135001169X (ebook)
=020  \\$z9781350011694 (ebook)
=020  \\$z9781350011700 (pdf)
=040  \\$aD$beng$cDLC$dOCLCO$dOCLCF$dD$ei$erda
=041  \\$aeng
=042  \\$apcc
=043  \\$ae-uk---
=050  00$aPR881$b.A14 2018
=082  00$a823/.91409$223
=245  14$aThe 1960s :$ba decade of modern British fiction /$cedited by Philip Tew, James Riley and Melanie Seddon.
=246  1\$aDecade of modern British fiction
=246  13$aNineteen sixties :$ba decade of modern British fiction
=264  \1$aLondon ;$aNew York :$bBloomsbury Academic,$c2018
=264  \4$c©2018
=300  \\$axv, 332 pages$billustration$c25 cm.
=336  \\$atext$btxt$2rdacontent$0http://rdaregistry.info/termList/RDAContentType/1020
=337  \\$aunmediated$bn$2rdamedia$0http://rdaregistry.info/termList/RDAMediaType/1007
=338  \\$avolume$bnc$2rdacarrier$0http://rdaregistry.info/termList/RDACarrierType/1049
=490  1\$aThe Decades Series
=504  \\$aIncludes bibliographical references and index.
=505  8\$aSurfing the Sixties: Critical introduction / Philip Tew, James Riley and Melanie Seddon -- Our troubled youth: a literary history of the 1960s / Melanie Seddon -- The housewife and the single girl as archetypes in satirical novels of the 1960s / Joseph Darlington -- British women's fiction of the 1960s / Tracy Hargreaves -- Certain circles: gay fiction and cultural attitudes of the 1960s / Yvonne Salmon -- Ways of staying, ways of saying: from Black writing in Britain to Black British writing / Graham K. Riach -- The 1960s existential fiction of John Fowles / Michelle Phillips Buchberger -- Experimental British fiction of the Sixties: five meta-modern novelists / Philip Tew -- Inner space odyssey: suburban spacemen and the cults of catastrophe / James Reich -- Terminal data: J.G. Ballard, Michael Moorcock and the fiction of the decade's end / James Riley.
=648  \7$a1900-1999$2fast
=648  \7$a1960-talet$0https://id.kb.se/term/sao/1960-talet$2sao
=650  \0$aEnglish fiction$y20th century$xHistory and criticism.
=650  \0$aEnglish literature
=650  \0$aNineteen sixties$vFiction.
=650  \7$aEngelsk litteratur$0https://id.kb.se/term/sao/Engelsk%20litteratur$2sao
=650  \7$aEnglish fiction.$2fast
=655  \7$aCriticism, interpretation, etc.$2fast
=700  1\$aRiley, James,$d1981-$4edt$4aui$4edc
=700  1\$aSeddon, Melanie$4edt$4aui$4edc
=700  1\$aTew, Philip$4edt$4edt$4aui$4edc
=830  \0$aDecades series (Bloomsbury (Firm))

