=LDR  00670cam a22001937a 4500
=001  9864817
=003  SE-LIBR
=005  20090422155535.0
=008  050421s1988\\\\fr\||||\\\\\\|00|\||fre\c
=020  \\$a2-207-23126-7
=040  \\$aQ
=041  1\$afre$heng
=082  04$a823$222 (machine generated)
=084  \\$aHe.01=j$2kssb/7
=100  1\$aBallard, J. G.$d1930-2009$0176668$1http://viaf.org/viaf/9842556$4http://rdaregistry.info/Elements/w/object/P10061
=240  00$aEmpire of the sun.$lFranska$1http://viaf.org/viaf/180997771
=245  00$aEmpire du soleil :$broman /$cJ. G. Ballard ; traduit de l'anglais par Elisabeth Gille
=260  \\$aParis :$bDenoöel,$c1988
=300  \\$a330 s.
=336  \\$atekst$0http://rdaregistry.info/termList/RDAContentType/1020
=337  \\$auformidlet$0http://rdaregistry.info/termList/RDAMediaType/1007
=338  \\$abind$0http://rdaregistry.info/termList/RDACarrierType/1049
=380  \\$aSpråkbasert verk$1https://schema.nb.no/Bibliographic/Values/V1000
=700  1\$aGille, Elisabeth$d1922-2014$4trl

