=LDR  00605cam a22001812i 4500
=001  011691239
=003  UkOxU
=005  19960816194244.0
=008  500101t19631962enk\\\\\\\\\\\000\1\eng\d
=020  \\$a0575002786
=040  \\$aIAF$cIAF$dEQO
=090  \\$aPR6052.A46$bD6
=092  \\$aD0503362779
=100  1\$aBallard, J. G.$d1930-2009$1http://viaf.org/viaf/9842556$4http://rdaregistry.info/Elements/w/object/P10061
=240  10$aThe drownd world$1http://viaf.org/viaf/309277534
=245  14$aThe drowned world /$cby J.G. Ballard
=260  \\$aLondon :$bVictor Gollancz,$c1963, c1962, t.p. 1978
=300  \\$a175 pages ;$c21 cm
=336  \\$atekst$0http://rdaregistry.info/termList/RDAContentType/1020
=337  \\$auformidlet$0http://rdaregistry.info/termList/RDAMediaType/1007
=338  \\$abind$0http://rdaregistry.info/termList/RDACarrierType/1049
=380  \\$aSpråkbasert verk$1https://schema.nb.no/Bibliographic/Values/V1000

