=LDR  01572cam a22003377  4500
=001  6122682
=003  SE-LIBR
=005  20180212090923.0
=008  011211s1997\\\\xxk|||||||||||000\0|eng|c
=020  \\$a0853238219$qinb.
=020  \\$a0853238316$qhft.
=040  \\$aG
=041  \\$aeng
=082  \4$a823.914$220
=082  \4$a823.914$220
=084  \\$5G$aGez Ballard, James Graham$2kssb/6
=084  \\$aGez Ballard, James Graham$2kssb/6
=100  1\$aLuckhurst, Roger$4aut$1http://viaf.org/viaf/59236034$4http://rdaregistry.info/Elements/w/object/P10061
=240  \\$a"The angle between two walls" : the fiction of J. G. Ballard$1http://viaf.org/viaf/59236034/theangle
=245  15$a"The angle between two walls" :$bthe fiction of J. G. Ballard /$cRoger Luckhurst.
=264  \1$aLiverpool :$bLiverpool University Press,$c1997
=300  \\$a2213 s.
=336  \\$atekst$0http://rdaregistry.info/termList/RDAContentType/1020
=337  \\$auformidlet$0http://rdaregistry.info/termList/RDAMediaType/1007
=338  \\$abind$0http://rdaregistry.info/termList/RDACarrierType/1049
=380  \\$aSpråkbasert verk$1https://schema.nb.no/Bibliographic/Values/V1000
=490  1\$aLiverpool science fiction texts and studies,$x99-2277214-0 ;$v11
=600  14$aBallard, J. G.$d1930-2009$0https://libris.kb.se/dbqssg6x38zr5cn#it$1http://viaf.org/viaf/9842556
=650  \7$aEngelsk science fiction$xhistoria$2sao
=655  \7$aAnalys och tolkning$0https://id.kb.se/term/saogf/Analys%20och%20tolkning$2saogf
=830  \0$aLiverpool science fiction texts and studies,$x99-2277214-0 ;$v11

