=LDR  00823cam a2200229   4500
=001  a4328707
=003  SpMaBN
=005  20200515023425.6
=008  080902s2008\\\\sp\\\\\|\||||\000\f\spa\\
=015  \\$aMON0812
=017  \\$aB 27855-2008$bOficina Depósito Legal Barcelona
=020  \\$a978-84-450-7712-2
=040  \\$aSpMaBN$bspa$cSpMaBN$erdc
=041  1\$aspa$heng
=080  \\$a821.111-31"19"
=100  1\$aBallard, J. G.$d1930-2009$0XX1721261$1http://viaf.org/viaf/9842556$4http://rdaregistry.info/Elements/w/object/P10061
=240  10$aEmpire of the sun$lEspañol$1http://viaf.org/viaf/180997771
=245  13$aEl imperio del sol$h[Texto impreso]$cJ.G. Ballard ; [traducción de Carlos Peralta]
=250  \\$a1ª ed.
=260  \\$aBarcelona$bMinotauro$c2008
=300  \\$a335 pages$c23 cm
=336  \\$atekst$0http://rdaregistry.info/termList/RDAContentType/1020
=337  \\$auformidlet$0http://rdaregistry.info/termList/RDAMediaType/1007
=338  \\$abind$0http://rdaregistry.info/termList/RDACarrierType/1049
=380  \\$aSpråkbasert verk$1https://schema.nb.no/Bibliographic/Values/V1000
=594  \\$aTraducción de: Empire of the sun
=700  1\$aPeralta, Carlos$4trl$1http://viaf.org/viaf/7284374

