=LDR  01251nam a22003251i 4500
=001  019683176
=003  UkOxU
=005  20180220010702.0
=008  130917r20142012enk\\\\\\\\\\\001\0\eng|d
=015  \\$aGBB3A0613$2bnb
=016  7\$a016536302$2Uk
=020  \\$a9780007454860 (pbk.) :$c£10.99
=040  \\$aStDuBDS$beng$erda$cStDuBDS$dUk
=042  \\$aukblsr
=082  04$a823.914$223
=100  1\$aBallard, J. G.$d1930-2009$eauthor.$1http://viaf.org/viaf/9842556$4http://rdaregistry.info/Elements/w/object/P10059
=240  \\$aExtreme methaphores$1http://www.wikidata.org/entity/Q18208804
=245  10$aExtreme metaphors :$bselected interviews with J.G. Ballard, 1967-2008 /$cedited by Simon Sellars and Dan O'Hara.
=264  \1$aLondon :$bFourth Estate,$c2014.
=300  \\$a503 pages ;$c20 cm
=336  \\$atext$2rdacontent$0http://rdaregistry.info/termList/RDAContentType/1020
=337  \\$aunmediated$2rdamedia$0http://rdaregistry.info/termList/RDAMediaType/1007
=338  \\$avolume$2rdacarrier$0http://rdaregistry.info/termList/RDACarrierType/1049
=500  \\$aFormerly CIP.$5Uk
=500  \\$aIncludes index.
=500  \\$aOriginally published: 2012.
=600  10$aBallard, J. G.$d1930-2009$vInterviews.$1http://viaf.org/viaf/9842556
=650  \0$aAuthors, English$y20th century$vInterviews.
=700  1\$aO'Hara, Daniel Finbarr John,$d1972-$eeditor.$4edt$4edc$1http://viaf.org/viaf/66433403
=700  1\$aSellars, Simon,$eeditor.$4edt$4edc$1http://viaf.org/viaf/58855728

