=LDR  00882nam a22002415  4500
=001  bimo0000456402
=003  SpMaBN
=005  20200515013231.6
=008  951027s1995\\\\sp\|\\\\\\\\\\|||\||spa\\
=016  7\$abimoBNE19950312028$2SpMaBN
=017  \\$aB 13979-1995$bOficina Depósito Legal Barcelona
=020  \\$a84-450-7231-5
=040  \\$aSpMaBN$bspa$cSpMaBN$erdc
=041  1\$aspa$heng
=080  \\$a820-31"19"
=100  1\$aBallard, J. G.$d1930-2009$0XX1721261$1http://viaf.org/viaf/9842556$4http://rdaregistry.info/Elements/w/object/P10061
=240  14$aThe disaster area$lEspañol$1http://viaf.org/viaf/307986100
=245  10$aZona de catástrofe$h[Texto impreso]$cJ.G. Ballard ; [traducción de Marcial Souto ... et al.]
=250  \\$a1ª ed.
=260  \\$aBarcelona$bMinotauro$c1995
=300  \\$a207 pages$c21 cm
=336  \\$atekst$0http://rdaregistry.info/termList/RDAContentType/1020
=337  \\$auformidlet$0http://rdaregistry.info/termList/RDAMediaType/1007
=338  \\$abind$0http://rdaregistry.info/termList/RDACarrierType/1049
=380  \\$aSpråkbasert verk$1https://schema.nb.no/Bibliographic/Values/V1000
=594  \\$aTraducción de: The disaster area
=700  11$aSouto, Marcial$4trl$1https://isni.org/isni/0000000119351140

