=LDR  02434nam a22004931c 4500
=001  999920342614102201
=003  BIBSYS
=005  20210606072929.0
=006  m\\\\\\\\d\\\\\\\\
=007  cr\cnu||||||||
=008  140929s2011\\\\enk\\\\\ob\\\\001\0\eng\d
=020  \\$a1-4411-4171-5
=020  \\$a1-4725-4285-1
=024  7\$a10.5040/9781472542854$2doi
=040  \\$aUtOrBLW$beng$cUtOrBLW$dUkLoBP$erda$epn
=041  \\$aeng
=050  00$aPR6052.A46$bZ64 2011
=082  00$a823.914$222
=100  1\$aFrancis, Samuel T.,$eauthor.$1http://viaf.org/viaf/43176679$4http://rdaregistry.info/Elements/w/object/P10061
=240  \\$aThe psychological fictions of J. G. Ballard$1http://viaf.org/viaf/43176679/thepsychologicalfictionsofjgallard
=245  14$aThe Psychological Fictions of J.G. Ballard $cSamuel Francis.
=264  \1$aLondon $aNew York $bContinuum $c2011.
=300  \\$a1 online resource (209 pages).
=336  \\$atext$btxt$0http://rdaregistry.info/termList/RDAContentType/1020
=337  \\$acomputer$bc$0http://rdaregistry.info/termList/RDAMediaType/1003
=338  \\$aonline resource$bcr$0http://rdaregistry.info/termList/RDACarrierType/1018
=336  \\$atekst$0http://rdaregistry.info/termList/RDAContentType/1020
=337  \\$adatamaskin$0http://rdaregistry.info/termList/RDAMediaType/1003
=338  \\$aonline ressurs$0http://rdaregistry.info/termList/RDACarrierType/1018
=347  \\$adata file$2rda
=380  \\$aSpråkbasert verk$1https://schema.nb.no/Bibliographic/Values/V1000
=490  1\$aContinuum Literary Studies Series
=500  \\$aBibliographic Level Mode of Issuance: Monograph
=504  \\$aIncludes bibliographical references and index
=505  0\$aA host of furious fancies -- Unconscious catastrophes -- Insane modernities -- Trauma, psychoanalysis, autobiography -- Contemporary psychopathies
=505  0\$aAcknowledgements -- Introduction -- 1. A Host of Furious Fancies -- 2. Unconscious Catastrophes -- 3. Insane Modernities -- 4.Trauma, Psychoanalysis, Autobiography -- 5. Contemporary Psychopathies -- Conclusion -- Notes -- Bibliography -- Index
=530  \\$aAlso issued in print
=533  \\$aElectronic reproduction.$bLondon :$cBloomsbury Publishing,$d2014.$nAvailable via World Wide Web.$nAccess limited by licensing agreement
=546  \\$aEnglish
=600  10$aBallard, J. G.$d1930-2009$xCriticism and interpretation.$1http://viaf.org/viaf/9842556
=650  \0$aPsychology in literature.
=650  \7$2Literary studies: fiction, novelists & prose writers
=776  \\$z1-4411-6195-3
=776  \\$z1-4725-1303-7
=830  \0$aContinuum literary studies.

