=LDR  01151nam a22002773  4500
=001  6778489
=003  SE-LIBR
=008  011211s1985\\\\xxu\\\\\\\\\\\000\0\eng\c
=020  \\$a0-916732-83-5 (hft.)
=020  \\$a0-916732-84-3 (inb.)
=040  \\$aLå
=084  \\$5La$aGez Ballard, James Graham$2kssb/6
=100  1\$aBrigg, Peter,$d1942-$1http://viaf.org/viaf/115397340$4http://rdaregistry.info/Elements/w/object/P10061
=240  \\$aJ. G. Ballard$1http://viaf.org/viaf/115397340/jgballard
=245  00$aJ. G. Ballard /$cPeter Brigg
=260  \\$aSan Bernadino, Calif.,$c1985
=300  \\$a138 s.
=336  \\$atekst$0http://rdaregistry.info/termList/RDAContentType/1020
=337  \\$auformidlet$0http://rdaregistry.info/termList/RDAMediaType/1007
=338  \\$abind$0http://rdaregistry.info/termList/RDACarrierType/1049
=380  \\$aSpråkbasert verk$1https://schema.nb.no/Bibliographic/Values/V1000
=440  \0$aStarmont reader's guide,$x0272-7730 ;$v26
=504  \\$aIncludes bibliographical references and index
=600  14$5La$aBallard, James Graham$1http://viaf.org/viaf/9842556
=653  \\$5La$aLitteraturhistoria
=653  \\$5La$aScience fiction

