=LDR  00756cam a22002538i 4500
=001  bllr6bp88s5995kq
=003  SE-LIBR
=005  20181003163405.0
=008  181003s2018\\\\xx\|||||||||||000\0|eng|d
=020  \\$a9781250144805$qpocket
=040  \\$aBOKR$ei
=041  \\$aeng
=100  1\$aBallard, J. G.$4aut$1http://viaf.org/viaf/9842556$4http://rdaregistry.info/Elements/w/object/P10061
=240  10$aThe crystal world$1http://viaf.org/viaf/307967896
=245  10$aCrystal world
=263  \\$a201806
=264  \1$bMacmillan Usa,$c2018
=300  \\$c13.6 cm
=336  \\$atekst$0http://rdaregistry.info/termList/RDAContentType/1020
=337  \\$auformidlet$0http://rdaregistry.info/termList/RDAMediaType/1007
=338  \\$abind$0http://rdaregistry.info/termList/RDACarrierType/1049
=380  \\$aSpråkbasert verk$1https://schema.nb.no/Bibliographic/Values/V1000
=340  \\$b13.6 cm
=490  0\$aINTERNATIONAL EDITION
=655  \4$0https://id.kb.se/marc/NotFictionNotFurtherSpecified

