=LDR  00861nam a2200229   4500
=001  bimo0001018292
=003  SpMaBN
=005  20200515014458.6
=008  981019s1997\\\\sp\|\\\\\\\\\\|||\||spa\\
=016  7\$abimoBNE19982660116$2SpMaBN
=017  \\$aB 37397-1997$bOficina Depósito Legal Barcelona
=020  \\$a84-450-7278-1
=040  \\$aSpMaBN$bspa$cSpMaBN$erdc
=041  1\$aspa$heng
=080  \\$a821.111-31"19"
=100  1\$aBallard, J. G.$d1930-2009$0XX1721261$1http://viaf.org/viaf/9842556$4http://rdaregistry.info/Elements/w/object/P10061
=240  10$aCocaine nights$lEspañol$1http://viaf.org/viaf/7815148574285124430000
=245  10$aNoches de cocaína$h[Texto impreso]$cJ.G. Ballard ; [traducción, Silvia Komet y M. Figueroa]
=250  \\$a1ª ed.
=260  \\$aBarcelona$bMinotauro$c1997
=300  \\$a378 pages$c21 cm
=336  \\$atekst$0http://rdaregistry.info/termList/RDAContentType/1020
=337  \\$auformidlet$0http://rdaregistry.info/termList/RDAMediaType/1007
=338  \\$abind$0http://rdaregistry.info/termList/RDACarrierType/1049
=380  \\$aSpråkbasert verk$1https://schema.nb.no/Bibliographic/Values/V1000
=594  \\$aTraducción de: Cocaine nights
=700  1\$aKomet, Silvia$4trl$1http://viaf.org/viaf/36514731
=700  1\$aFigueroa, M.$4trl$1http://viaf.org/viaf/87721105

