=LDR  02584pam a2200553 i 4500
=001  019242140
=003  Uk
=005  20210802164515.0
=008  190204s2019\\\\enkab\\\\\\\\\000|m|eng|d
=015  \\$aGBB922734$2bnb
=016  7\$a019242140$2Uk
=020  \\$a9780007976737$qset$qpaperback :$c£89.99
=020  \\$z9780008329662$qHalf of a yellow sun$qpaperback
=020  \\$z9780008329679$qBad blood$qpaperback
=020  \\$z9780008329686$qThe blue flower$qpaperback
=020  \\$z9780008329693$qThe things they carried$qpaperback
=020  \\$z9780008329709$qThe corrections$qpaperback
=020  \\$z9780008329716$qThe shipping news$qpaperback
=020  \\$z9780008329723$qStuart$qpaperback
=020  \\$z9780008329730$qA place of greater safety$qpaperback
=020  \\$z9780008329747$qThe diving-bell and the butterfly$qpaperback
=020  \\$z9780008329754$qEmpire of the sun$qpaperback
=040  \\$aStDuBDS$beng$cStDuBDS$dUk$erda
=041  1\$aeng$hfre
=042  \\$aukblsr
=082  04$a828.91408$223
=245  00$a4th Estate Matchbook classics.
=246  13$aFourth Estate Matchbook classics
=246  13$aMatchbook classics
=264  \1$a[London] :$b[4th Estate],$c[2019]
=300  \\$a10 volumes :$billustrations (black and white), maps (black and white) ;$c20 cm
=336  \\$astill image$2rdacontent$0http://rdaregistry.info/termList/RDAContentType/1014
=336  \\$atext$2rdacontent$0http://rdaregistry.info/termList/RDAContentType/1020
=337  \\$aunmediated$2rdamedia$0http://rdaregistry.info/termList/RDAMediaType/1007
=338  \\$avolume$2rdacarrier$0http://rdaregistry.info/termList/RDACarrierType/1049
=500  \\$aFormerly CIP.$5Uk
=500  \\$aIn box (30 x 21 x 14 cm).
=500  \\$aIncludes one work translated from the French.
=505  0\$aBad blood / Lorna Sage -- The blue flower / Penelope Fitzgerald -- The corrections / Jonathan Franzen -- The diving-bell and the butterfly / Jean-Dominique Bauby -- Empire of the sun / J.G. Ballard -- Half of a yellow sun / Chimamanda Ngozi Adichie -- A place of greater safety / Hilary Mantel -- The shipping news / Annie Proulx -- Stuart / Alexander Masters -- The things they carried / Tim O'Brien.
=700  12$aAdichie, Chimamanda Ngozi$d1977-$tHalf of a yellow sun.
=700  12$aBallard, J. G.$d1930-2009$tEmpire of the sun.$1http://viaf.org/viaf/180997771
=700  12$aBauby, Jean-Dominique$d1952-1997$tScaphandre et le papillon.$lEnglish.
=700  12$aFitzgerald, Penelope$tBlue flower.
=700  12$aFranzen, Jonathan$tCorrections.
=700  12$aMantel, Hilary$d1952-$tPlace of greater safety.
=700  12$aMasters, Alexander$tStuart.
=700  12$aO'Brien, Tim$tThings they carried.
=700  12$aProulx, Annie$tShipping news.
=700  12$aSage, Lorna$tBad blood.

