=LDR  01017 am a2200289uu 4500
=001  008110984
=003  UK
=005  20170823202000.0
=008  960206s1969\\\\enk\\\\||\\\\||||\||eng\\
=015  \\$aGB6911830$2bnb
=019  1\$a0850310059
=019  9\$a0850310059
=019  y\$aB6911830
=020  \\$a0850310059
=040  \\$aUk$cUk
=082  04$a823/.91$218
=245  14$aThe inner landscape /$cMervyn Peake, J. G. Ballard, Brian W. Aldiss.
=260  \\$aLondon :$bAllison and Busby,$c1969.
=300  \\$a151p.
=336  \\$atext$2rdacontent$0http://rdaregistry.info/termList/RDAContentType/1020
=337  \\$aunmediated$2rdamedia$0http://rdaregistry.info/termList/RDAMediaType/1007
=338  \\$avolume$2rdacarrier$0http://rdaregistry.info/termList/RDACarrierType/1049
=500  \\$aOriginally published (B56-16737) in 'Sometime never'. London: Eyre & Spottiswoode, 1956.
=650  \0$aScience fiction.
=700  12$aAldiss, Brian W.$d1925-$tDanger, Religion!$1http://viaf.org/viaf/183421260
=700  12$aBallard, J. G.$d1930-2009$tThe voices of time$1http://viaf.org/viaf/311471559
=700  12$aPeake, Mervyn Laurence$d1911-1968$tBoy in darkness$1http://viaf.org/viaf/309308512

