=LDR  01359cam a22003257i 4500
=001  003081206
=003  FI-MELINDA
=005  20190704030133.0
=008  861013s1979\\\\xxk|||||||||||||||j|eng||
=020  \\$a0-586-02814-5$qnidottu
=041  0\$aeng
=080  \\$a820$x-32
=100  1\$aBallard, J. G.$1http://viaf.org/viaf/9842556$4http://rdaregistry.info/Elements/w/object/P10061
=240  10$aThe disaster area$1http://viaf.org/viaf/307986100
=245  14$aThe disaster area /$cJ. G. Ballard.
=260  \\$aLondon :$bTriad,$c1979.
=300  \\$a191 s
=336  \\$ateksti$btxt$2rdacontent$0http://rdaregistry.info/termList/RDAContentType/1020
=337  \\$akäytettävissä ilman laitetta$bn$2rdamedia$0http://rdaregistry.info/termList/RDAMediaType/1007
=338  \\$anide$bnc$2rdacarrier$0http://rdaregistry.info/termList/RDAContentType/1020
=380  \\$aSpråkbasert verk$1https://schema.nb.no/Bibliographic/Values/V1000
=500  \\$aFirst publ. 1967.
=500  \\$aLisäpainokset: Repr. 1985.
=650  \7$aengelsk litteratur$2yso/swe$0http://www.yso.fi/onto/yso/p11223
=650  \7$aengelska$2yso/swe$0http://www.yso.fi/onto/yso/p2573
=650  \7$aenglannin kieli$2yso/fin$0http://www.yso.fi/onto/yso/p2573
=650  \7$aenglanninkielinen kirjallisuus$2yso/fin$0http://www.yso.fi/onto/yso/p11223
=655  \7$akaunokirjallisuus$2slm/fin$0http://urn.fi/URN:NBN:fi:au:slm:s975
=655  \7$anoveller$2slm/swe$0http://urn.fi/URN:NBN:fi:au:slm:s27
=655  \7$anovellit$2slm/fin$0http://urn.fi/URN:NBN:fi:au:slm:s27
=655  \7$askönlitteratur$2slm/swe$0http://urn.fi/URN:NBN:fi:au:slm:s975

