=LDR  01172nam a2200301 c 4500
=001  870403397
=003  DE-101
=005  20171202113222.0
=007  tu
=008  870323s1985\\\\gw\|||||\||||\00||||ger\\
=015  \\$a87,B15,0593$2dnb
=016  7\$2DE-101$a870403397
=020  \\$a3924959021$cGewebe . DM 78.00$93-924959-02-1
=020  \\$a9783924959029$cGewebe . DM 78.00$9978-3-924959-02-9
=040  \\$a1200$bger$cDE-101$d9999
=041  \\$ager
=044  \\$cXA-DE
=084  \\$a59$a810$a820$a830$a839$a840$a850$a860$a870$a880$a890$aB$qDE-101$2sdnb
=100  1\$0(DE-588)118656929$0https://d-nb.info/gnd/118656929$0(DE-101)118656929$aBallard, J. G.$d1930-2009$eVerfasser$4aut$2gnd$1http://viaf.org/viaf/9842556$4http://rdaregistry.info/Elements/w/object/P10061
=245  10$aCrash$cJ. G. Ballard. Aus d. Engl. von Joachim Körber
=250  \\$aDt. Erstausg.
=259  \\$adte
=264  \1$aLinkenheim$bEd. Phantasia$c1985
=300  \\$a233 S.$bIll.$c20 cm
=336  \\$aText$btxt$2rdacontent$0http://rdaregistry.info/termList/RDAContentType/1020
=337  \\$aohne Hilfsmittel zu benutzen$bn$2rdamedia$0http://rdaregistry.info/termList/RDAMediaType/1007
=338  \\$aBand$bnc$2rdacarrier$0http://rdaregistry.info/termList/RDACarrierType/1049
=700  12$aBallard, J. G.$d1930-2009$2gnd$tCrash$gdt.$1http://viaf.org/viaf/305922109
=700  1\$aKörber, Joachim$4trl$1http://viaf.org/viaf/37083705

