=LDR  00784cam a22002417a 4500
=001  6905054
=003  SE-LIBR
=005  20090422155625.0
=008  011211r19981996xxu\\\\\\\\\\\000\f\eng\c
=020  \\$a1-58243-017-9
=020  \\$a1-887178-66-X (alk. paper)
=040  \\$aLC
=082  \\$a823$b.914$221
=084  \\$aHe.01$2kssb/7
=100  1\$aBallard, J. G.$d1930-2009$0176668$1http://viaf.org/viaf/9842556$4http://rdaregistry.info/Elements/w/object/P10061
=240  10$aCocaine nights$1http://viaf.org/viaf/7815148574285124430000
=245  00$aCocaine nights /$cJ.G. Ballard
=250  \\$a1st Counterpoint ed.
=260  \\$aWashington, D.C. :$bCounterpoint,$c1998
=300  \\$a328 pages ;$c23 cm
=336  \\$atext$btxt$2rdacontent$0http://rdaregistry.info/termList/RDAContentType/1020
=337  \\$aunmediated$bn$2rdamedia$0http://rdaregistry.info/termList/RDAMediaType/1007
=338  \\$avolume$bnc$2rdacarrier$0http://rdaregistry.info/termList/RDACarrierType/1049
=380  \\$aNovel
=650  \0$aBritish$zSpain$xFiction
=650  \0$aRetirees$xFiction
=651  \0$aSpain$xFiction

