=LDR  00801cam a22002414i 4500
=001  007157600
=003  FI-MELINDA
=005  20180226131127.0
=008  071112s2007\\\\xxk||||||||||\||||f|eng|c
=020  \\$a978-0-00-723247-5$qnidottu
=024  8\$aA1124632
=041  0\$aeng
=084  \\$a84.5$2ykl
=100  1\$aBallard, J. G.$1http://viaf.org/viaf/9842556$4http://rdaregistry.info/Elements/w/object/P10061
=240  10$aKingdom Come$1http://viaf.org/viaf/3952163159958701640003
=245  10$aKingdom come /$cJ. G. Ballard.
=260  \\$aLondon :$bHarper Perennial,$c2007.
=300  \\$a280 s. ;$c20 cm
=336  \\$ateksti$btxt$2rdacontent$0http://rdaregistry.info/termList/RDAContentType/1020
=337  \\$akäytettävissä ilman laitetta$bn$2rdamedia$0http://rdaregistry.info/termList/RDAMediaType/1007
=338  \\$anide$bnc$2rdacarrier$0http://rdaregistry.info/termList/RDAContentType/1020
=380  \\$aSpråkbasert verk$1https://schema.nb.no/Bibliographic/Values/V1000
=650  \7$adystopiat$2kaunokki
=650  \7$akulttuurikritiikki$2kaunokki

