=LDR  02677cam a22003377a 4500
=001  18133018
=003  SE-LIBR
=005  20181030230000.0
=008  150713s2012\\\\xxu||||e|bq|||000\j|eng|\
=020  \\$a1597804541
=020  \\$a9781597804547
=040  \\$aAU@$beng$cAU@$dOCLCO$dKLG$dOCLCO$dOCLCF$dCNEDM$dTEF$dLeru$ea
=041  \\$aeng
=050  14$aPR1309.S3$bB728 2012
=082  04$a808.3/8738$223
=084  \\$aHe(s)$2kssb/8
=245  00$aBrave new worlds :$bdystopian stories /$cedited by John Joseph Adams.
=250  \\$a2nd ed.
=264  \1$aSan Francisco, Calif.$bNight Shade Books,$c2012
=300  \\$a525 pages$c23 cm.
=336  \\$atext$btxt$2rdacontent$0http://rdaregistry.info/termList/RDAContentType/1020
=337  \\$aunmediated$bn$2rdamedia$0http://rdaregistry.info/termList/RDAMediaType/1007
=338  \\$avolume$bnc$2rdacarrier$0http://rdaregistry.info/termList/RDACarrierType/1049
=340  \\$b23 cm.
=380  \\$aFilmography
=380  \\$aShort story
=505  8\$aContents note continued: The minority report / Philip K. Dick -- Just do it / Heather Lindsley -- Harrison Bergeron / Kurt Vonnegut, Jr. -- Caught in the organ draft / Robert Silverberg -- Geriatric ward / Orson Scott Card -- Arties aren't stupid / Jeremiah Tolbert -- Jordan's waterhammer / Joe Mastroianni -- Of a sweet slow dance in the wake of temporary dogs / Adam-Troy Castro -- Resistance / Tobias S. Buckell -- Civilization / Vylar Kaftan -- Editor's note on second edition material -- The cull / Robert Reed -- Personal Jesus / Jennifer Pelland -- The perfect match / Ken Liu -- Study Guide and filmography / Gary K. Wolfe.
=505  8\$aThe lottery / Shirley Jackson -- Red card / S.L. Gilbow -- Ten with a flag / Joseph Paul Haines -- The ones who walk away from Omelas / Ursula K. Le Guin -- Evidence of love in a case of abandonment / M. Rickert -- The funeral / Kate Wilhelm -- O happy day! / Geoff Ryman -- Pervert / Charles Coleman Finlay -- From homogenous to honey / Bryan Talbot -- Billennium / J.G. Ballard -- Amaryllis / Carrie Vaughn -- Pop squad / Paolo Bacigalupi -- Auspicious eggs / James Morrow -- Peter Skilling / Alex Irvine -- The pedestrian / Ray Bradbury -- The things that make me weak and strange get engineered away / Cory Doctorow -- The pearl diver / Caitlin R. Kiernan -- Dead space for the unexpected / Geoff Ryman -- "Repent, Harlequin!" said the Ticktockman / Harlan Ellison -- Is this your day to join the revolution? / Genevieve Valentine -- Independence Day / Sarah Langan -- The lunatics / Kim Stanley Robinson -- Sacrament / Matt Williamson --.
=520  \\$aCollects short stories on civilization invading and dictating citizens lives, from authors including Kate Wilhelm, Philip K. Dick, J.G. Ballard, and Sarah Langan.
=650  \0$aDystopias$vFiction.
=650  \7$aDystopias.$2fast
=655  \7$aDystopias.$2gsafd
=655  \7$aFiction.$2fast
=655  \7$aScience fiction.$2gsafd
=655  \7$aShort stories.$2gsafd
=700  1\$aAdams, John Joseph,$d1976-$4edt
=799  \2$aContents note continued: The minority report / Philip K. Dick
=700  02$aLindsley, Heather$tJust do it
=700  02$aKurt Vonnegut, Jr.$tHarrison Bergeron
=700  02$aSilverberg, Robert$tCaught in the organ draft
=700  02$aCard, Orson Scott$tGeriatric ward
=700  02$aTolbert, Jeremiah$tArties aren't stupid
=700  02$aMastroianni, Joe$tJordan's waterhammer
=700  02$aCastro, Adam-Troy$tOf a sweet slow dance in the wake of temporary dogs
=700  02$aBuckell, Tobias S.$tResistance
=700  02$aKaftan, Vylar$tCivilization
=700  02$aReed, Robert$tThe cull
=700  02$aPelland, Jennifer$tPersonal Jesus
=700  02$aLiu, Ken$tThe perfect match
=700  02$aWolfe, Gary K.$tStudy Guide and filmography
=505  \2$aThe lottery / Shirley Jackson
=700  02$aGilbow, S.L.$tRed card
=700  02$aHaines, Joseph Paul$tTen with a flag
=700  02$aGuin, Ursula K. Le$tThe ones who walk away from Omelas
=700  02$aRickert, M.$tEvidence of love in a case of abandonment
=700  02$aWilhelm, Kate$tThe funeral
=700  02$aRyman, Geoff$tO happy day!
=700  02$aFinlay, Charles Coleman$tPervert
=700  02$aTalbot, Bryan$tFrom homogenous to honey
=700  02$aBallard, J. G.$d1930-2009$tBillennium
=700  02$aVaughn, Carrie$tAmaryllis
=700  02$aBacigalupi, Paolo$tPop squad
=700  02$aMorrow, James$tAuspicious eggs
=700  02$aIrvine, Alex$tPeter Skilling
=700  02$aBradbury, Ray$tThe pedestrian
=700  02$aDoctorow, Cory$tThe things that make me weak and strange get engineered away
=700  02$aKiernan, Caitlin R.$tThe pearl diver
=700  02$aRyman, Geoff$tDead space for the unexpected
=700  02$aEllison, Harlan$t"Repent, Harlequin!" said the Ticktockman
=700  02$aValentine, Genevieve$tIs this your day to join the revolution?
=700  02$aLangan, Sarah$tIndependence Day
=700  02$aRobinson, Kim Stanley$tThe lunatics
=700  02$aWilliamson, Matt$tSacrament

