=LDR  01395cam a2200325   4500
=001  a4545651
=003  SpMaBN
=005  20200515023805.6
=008  090610s2009\\\\sp\\\\\|\||||\000\f\spa\\
=015  \\$aMON0909
=017  \\$aB 21002-2009$bOficina Depósito Legal Barcelona
=020  \\$a978-84-8346-061-0
=040  \\$aSpMaBN$bspa$cSpMaBN$erdc
=041  1\$aspa$heng
=080  \\$a821.111-31"19"
=100  1\$aBallard, J. G.$d1930-2009$0XX1721261$1http://viaf.org/viaf/9842556$4http://rdaregistry.info/Elements/w/object/P10061
=240  14$aThe unlimited dream company$lEspañol$1http://viaf.org/viaf/307972381
=245  10$aCompañía de sueños ilimitada$h[Texto impreso]$c[J.G. Ballard] ; traducción de Enrique Pezzoni y Marcial Souto
=250  \\$a1ª ed.
=260  \\$a[Barcelona]$bDebolsillo$c2009
=300  \\$a235 pages$c19 cm
=336  \\$atekst$0http://rdaregistry.info/termList/RDAContentType/1020
=337  \\$auformidlet$0http://rdaregistry.info/termList/RDAMediaType/1007
=338  \\$abind$0http://rdaregistry.info/termList/RDACarrierType/1049
=380  \\$aSpråkbasert verk$1https://schema.nb.no/Bibliographic/Values/V1000
=490  1\$aBestseller$v758/4
=490  1\$aBiblioteca J.G. Ballard$v4
=594  \\$aTraducción de: The unlimited dream company
=700  1\$aPezzoni, Enrique$d1965-$4trl
=700  1\$aSouto, Marcial$d1965-$4trl$1https://isni.org/isni/0000000119351140
=800  1\$aBallard, J. G.$d1930-2009$tBiblioteca J.G. Ballard (Debolsillo)$v758/4
=830  \0$aBestseller (Barcelona)$v4

