=LDR  01309cam a22002894i 4500
=001  005007455
=003  FI-MELINDA
=005  20150112193216.0
=008  000202s1999\\\\xxk|||||||||||||||||eng||
=020  \\$a0-85170-719-X$qnidottu
=041  0\$aeng
=080  \\$a791.43$x(71)
=080  \\$a791.43.071 Cronenberg
=100  1\$aSinclair, Iain.$1http://viaf.org/viaf/37065843$4http://rdaregistry.info/Elements/w/object/P10061
=240  10$aCrash : David Cronenberg's Post-mortem on J. G. Ballard's Trajectory of fate$1http://viaf.org/viaf/37065843/crash
=245  10$aCrash :$bDavid Cronenberg's Post-mortem on J. G. Ballard's Trajectory of fate /$cIain Sinclair.
=260  \\$aLondon :$bBritish Film Institute,$c1999.
=300  \\$a128 s
=336  \\$atekst$0http://rdaregistry.info/termList/RDAContentType/1020
=337  \\$auformidlet$0http://rdaregistry.info/termList/RDAMediaType/1007
=338  \\$abind$0http://rdaregistry.info/termList/RDACarrierType/1049
=380  \\$aSpråkbasert verk$1https://schema.nb.no/Bibliographic/Values/V1000
=490  1\$aBFI modern classics
=600  14$aBallard, J. G.$1http://viaf.org/viaf/9842556
=600  14$aCronenberg, David$1http://viaf.org/viaf/97752099
=600  14$aCronenberg, David$tCrash.$1http://www.wikidata.org/entity/Q188000
=830  \0$aBFI modern classics.

