=LDR  00583nam a2200169 a 4500
=001  010874071
=003  UkOxU
=005  19960522160901.0
=008  931027r19931964enk\\\\\\\\\\\000\0\eng\d
=020  \\$a1857990218
=092  \\$aD0501293934
=100  1\$aBallard, J. G.$d1930-2009$1http://viaf.org/viaf/9842556$4http://rdaregistry.info/Elements/w/object/P10061
=240  10$aThe terminal beach$1http://www.wikidata.org/entity/Q7768486
=245  14$aThe terminal beach /$cJ.G. Ballard
=260  \\$aLondon :$bPhoenix,$c1993
=300  \\$a220 p ;$c20 cm
=336  \\$atext$btxt$2rdacontent$0http://rdaregistry.info/termList/RDAContentType/1020
=337  \\$aunmediated$bn$2rdamedia$0http://rdaregistry.info/termList/RDAMediaType/1007
=338  \\$avolume$bnc$2rdacarrier$0http://rdaregistry.info/termList/RDACarrierType/1049
=500  \\$aFirst published: London : Gollancz, 1964

