=LDR  07710cam a22005053a 4500
=001  12314852
=003  SE-LIBR
=005  20150428115812.0
=007  cr\|||\\\|||||\\\\\\\\\
=008  110927s2010\\\\xxkaf|||o|||||000\0|eng|d
=020  \\$a0230289479$c£19.96
=020  \\$a9780230289475$c£19.96
=020  \\$z9780230275591 (Print)
=040  \\$aUK-WkNB$beng$cUK-WkNB$ea
=041  \\$aeng
=072  \7$aHBJD1$2bicssc
=072  \7$aHBTB$2bicssc
=072  \7$aHIS$2eflch
=072  \7$aJFFE$2bicssc
=100  1\$aBloom, Clive.$4aut$1http://viaf.org/viaf/267754017$4http://rdaregistry.info/Elements/w/object/P10061
=240  10$aViolent London$1http://viaf.org/viaf/267754017/violentlondon
=245  10$aViolent London$h[Elektronisk resurs]$b2000 years of riots, rebels and revolts /$cClive Bloom.
=264  \1$aBasingstoke :$bPalgrave Macmillan,$c2010
=300  \\$a616 pages$b15 black and white, illustrations,  plates, 44 black and white.
=336  \\$atekst$0http://rdaregistry.info/termList/RDAContentType/1020
=337  \\$auformidlet$0http://rdaregistry.info/termList/RDAMediaType/1007
=338  \\$abind$0http://rdaregistry.info/termList/RDACarrierType/1049
=347  \\$adata file$2rda
=380  \\$aSpråkbasert verk$1https://schema.nb.no/Bibliographic/Values/V1000
=365  \\$a02$b19.96$cGBP$d00$hS 14.86 20.0 17.83 2.97$iZ 2.12 0.0 2.12 0.00$jGB$kxxk$mPalgrave Macmillan$2onix-pt
=366  \\$b20100908$cIP 20110105$jGB$kxxk$mPalgrave Macmillan$2UK-WkNB
=500  \\$aElectronic book text.
=500  \\$aEpublication based on: 9780230275591, 2003.
=505  8\$aList of Illustrations Map Preface to Palgrave Edition Acknowledgements to Palgrave Edition A Desolation they called Peace: The Destruction of London in AD 60 'Offence - A Londoner': The Peasants' Revolt to Evil May Day 'We'll no need the Papists noo!': Criminalizing Catholics from the Babington Plot to Guy Fawkes Free-Born John: Levellers, Fifth Monarchy Men and the Peace Women Murderous Fantasies: The Great Fire to the Popish Plot George's War: From the Jacobites to the Gordon Riots The Ape-Like Irish: The Aftermath of the Gordon Riots, the Catholic Emancipation Act and the Garibaldi Riots 'Wilkes and Liberty': The Political Riot The United States of England: The English Jacobins to the Cato Street Conspirators Monster Rallies: The War with the Chartists, the 'Sally Army' and the Rebellious Schoolchildren of London Persecuting Pigeons: Trafalgar Square and Bloody Sunday 'Good Old Dynamite': London's War with the Bombers  Women Behaving Badly: The Suffragettes Huns and Hashish: The Yellow Peril to the German Pogrom Comrades All: Red London to Red Ken Brave Boys of the BUF: The Origins of London Fascism Not Quite Kosher: The Jews of London, Jeffrey Hamm and the Return of Oswald Mosley Alien Nation: Indian Assassins and Black Radicals The Tiber Flowing with Much Blood: Enoch Powell, Notting Hill and Hackney Like Rorke's Drift: Hackney, Brick Lane and Lewisham Anarchy in the UK: Private Armies, Vigilantes and the New Cross Fire Living on the Front Line: Brixton to Broadwater Farm-- the Stephen Lawrence Case to the Soho Bomber One, Two, Three, What Are We Fighting For?: Grosvenor Square to Moon at the Monarchy 2000 Back to the Future: Poll Tax Rebels and Tenant Strikers The Free Republic of Wanstonia: The Fight for London's Green Spaces Never Underestimate a Minority: Guerrilla Gardeners and the Countryside Alliance The Man in the Third Carriage - 7/7 and its Consequences Operation Glencoe -- G20, Ian Tomlinson and the Future of Street Protest Epilogue: Watching the River Flow: Surveillance and Terror Appendix One: Shadow of a Warrior Queen: Boudicca and the Destruction of London: Unanswered Questions Appendix Two: The Huguenot and Italian Legacy Appendix Three: Assassination Attempts on the Royal Family Notes Index.
=516  \\$aDocument
=520  \\$aAlmost as soon as it was built, London suffered the first of many acts of violent protest, when Boudica and her followers set fire to the city in AD 60. Ever since, the capital's streets have been a forum for popular insurrection. Covering nearly 2,000 years of political protest, this is a riveting alternative history of past and present conflict.$bAlmost as soon as it was built, London suffered the first of many acts of violent protest, when Boudica and her followers set fire to the city in AD 60. Ever since, the capital's streets have been a forum for popular insurrection.  Covering nearly 2,000 years of protest -- from Wat Tyler to the G20 - this is the story of an alternative London, and an alternative history of the British Isles: outside parliamentary processes and in direct confrontation with the forces of the state. It is a story of political activism expressed in street fighting and slum warfare, in assassination and bombing, peopled by a fascinating array of demagogues, democrats, bigots and social revolutionaries. It is also the story of the growth of London as a capital and as a major city.  This fully revised and comprehensive edition contains new chapters on the 7/7 attacks, the deaths of Jean Charles de Menezes and Ian Tomlinson, recent environmental, anti-capitalist and libertarian protest, and a discussion of the importance of current laws on terrorism, civil rights and the policing of protests.
=520  1\$a'This isn't just a history of riots and revolts: because each disturbance has to be placed in context, this is a political history which is made all the more interesting because it concentrates on the flashpoints, and the events which caused them. ' - The Guardian     '![an] ambitious and erudite chronicle of protest in the capital!assiduously researched...' - The Times   Reviews of 1st edition (Pan):    'An exhilarating rush through countless riots, insurrections and full-blown street wars...written in a racy and accessible style...As I read this superb history, I looked out at my quiet suburban garden, disappointed not to hear the sound of trumpets.' - J. G Ballard, Daily Telegraph   'A breathless but exhilarating journey from Boudica to such recent events as the aftermath of September 11th and the march of the Countryside Alliance, Bloom's viewpoint is nicley balanced, critical of government and especially of the police, but not unreasonably so, and not too passionately keen that the rebels should win every time.' - Times Literary Supplement   'Seamless, full of information, connections and insights.' - Juliet Gardiner, BBC History Magazine     ' [A] masterful study.' - Max Dunbar, 3:AM Magazine.
=538  \\$aPDF.
=545  0\$aCLIVE BLOOM is Emeritus Professor of English and American Studies at Middlesex University, UK. Widely published and Series Editor of Palgrave Macmillan's Crime Files series, he is the author of Literature, Politics and Intellectual Crisis in Britain Today (Palgrave Macmillan, 2000) and Cult Fiction (Palgrave Macmillan 1996), amongst many other titles.
=650  \7$aBritish & Irish history.$2bicssc
=650  \7$aHistory.$2eflch
=650  \7$aSocial & cultural history.$2bicssc
=650  \7$aViolence in society.$2bicssc
=856  40$5Hdig$uhttp://link.sub.su.se/sfxsub?url_ver=Z39.88-2004&ctx_ver=Z39.88-2004&ctx_enc=info:ofi/enc:UTF-8&rfr_id=info:sid/sfxit.com:opac_856&url_ctx_fmt=info:ofi/fmt:kev:mtx:ctx&sfx.ignore_date_threshold=1&rft.object_id=2670000000070141&svc_val_fmt=info:ofi/fmt:kev:mtx:sch_svc&$zTillgänglig för användare inom Stockholms universitet$zSpringerLink Books - AutoHoldings:Full Text
=856  40$5Ldix$uhttp://ludwig.lub.lu.se/login?url=https://link.springer.com/10.1057/9780230289475$zOnline access for Lund University$zPalgrave History Collection 2010
=856  42$uhttp://dx.doi.org/10.1057/9780230289475$x856other$zTable of Contents / Abstracts

