=LDR  02936cam a22006377c 4500
=001  991313720174702201
=003  BIBSYS
=005  20180202102428.0
=007  ta
=008  150206s1973\\\\xx#|||||||||||000|f|eng|d
=020  \\$a0140031456$qh.
=040  \\$aNO-TrBIB$bnob$ekatreg
=245  04$aThe Penguin science fiction omnibus$cEdited by Brian Aldiss
=260  \\$aMiddelsex, UK$bPenguin Books$c1973
=300  \\$a616 s.
=336  \\$atekst$0http://rdaregistry.info/termList/RDAContentType/1020
=337  \\$auformidlet$0http://rdaregistry.info/termList/RDAMediaType/1007
=338  \\$abind$0http://rdaregistry.info/termList/RDACarrierType/1049
=380  \\$aSpråkbasert verk$1https://schema.nb.no/Bibliographic/Values/V1000
=490  1\$aPenguin science fiction
=655  \7$ascience fiction$2noubonm
=700  1\$aAbernathy, Robert.$4ctb$0(NO-TrBIB)13022307$1http://viaf.org/viaf/85394371
=700  1\$aAldiss, Brian W.$d1925-$4edt$4edc$0(NO-TrBIB)90056060$1http://viaf.org/viaf/2465493
=700  1\$aAsimov, Isaac$d1920-1992$4ctb$0(NO-TrBIB)90104376$1http://viaf.org/viaf/24597135
=700  1\$aBallard, J.G.$d1930-2009$4ctb$0(NO-TrBIB)90199005$4ctb$1http://viaf.org/viaf/9842556
=700  1\$aBlish, James$d1921-1975$4ctb$0(NO-TrBIB)99056514$1http://viaf.org/viaf/111470216
=700  1\$aBrunner, John$d1934-1995$0(NO-TrBIB)90763497$4ctb$1http://viaf.org/viaf/103212466
=700  1\$aBudrys, Algis$d1931-$4ctb$0(NO-TrBIB)12064560$1http://viaf.org/viaf/93054017
=700  1\$aChandler, Bertram$4ctb$0(NO-TrBIB)12068553$1http://viaf.org/viaf/85444448
=700  1\$aChandler, Bertram$4ctb$0(NO-TrBIB)12068553$1http://viaf.org/viaf/85444448
=700  1\$aClarke, Arthur C.$d1917-2008$q(Arthur Charles)$4ctb$0(NO-TrBIB)90725602$1http://viaf.org/viaf/27062571
=700  1\$aCogswell, Theodore.$4ctb$0(NO-TrBIB)13022306
=700  1\$aDickson, Gordon.$4ctb$0(NO-TrBIB)3106869
=700  1\$aFast, Howard.$4ctb$0(NO-TrBIB)90085247
=700  1\$aFyfe, H. B..$4ctb$0(NO-TrBIB)12065278
=700  1\$aGodwin, Tom$4ctb$0(NO-TrBIB)13011997
=700  1\$aHarrison, Harry$d1925-2012$4ctb$0(NO-TrBIB)90125333
=700  1\$aKnight, Damon.$4ctb$0(NO-TrBIB)90762006
=700  1\$aKornbluth, C.M..$4ctb$0(NO-TrBIB)90955928
=700  1\$aMacLean, Katherine.$4ctb$0(NO-TrBIB)12070900
=700  1\$aMiller, Walter M. Jr..$4ctb$0(NO-TrBIB)12069457
=700  1\$aMoore, Ward.$4ctb$0(NO-TrBIB)8046603
=700  1\$aNourse, Alan E..$4ctb$0(NO-TrBIB)99003479
=700  1\$aPohl, Frederik$d1919-2013$4ctb$0(NO-TrBIB)90058471
=700  1\$aPorges, Arthur$4ctb$0(NO-TrBIB)13022305
=700  1\$aRussell, Eric Frank$d1905-1978$4ctb$0(NO-TrBIB)3008240
=700  1\$aSchmitz, James H..$4ctb$0(NO-TrBIB)12070868
=700  1\$aSchoenfeld, Howard.$4ctb$0(NO-TrBIB)13022308
=700  1\$aSheckley, Robert.$4ctb$0(NO-TrBIB)90222749
=700  1\$aSimak, Clifford.$4ctb$0(NO-TrBIB)10060674
=700  1\$aSteinbeck, John$d1902-1968$4ctb$0(NO-TrBIB)90081598
=700  1\$aTenn, William$d1920-2010$4ctb$0(NO-TrBIB)12069468
=700  1\$aTenn, William,$d1920-2010$4ctb$0(NO-TrBIB)12069468
=700  1\$aVogt, A. E. van.$4ctb$0(NO-TrBIB)10062162
=830  \0$aPenguin science fiction

