=LDR  02784cam a2200649 i 4500
=001  005908446
=003  FI-MELINDA
=005  20210503193333.0
=008  110517s2011\\\\fi\||||\\\\\\|00|\f|fin|\
=015  \\$afx970297$2skl
=020  \\$a978-951-887-438-9$qsidottu
=024  8\$aA1560844
=040  \\$aFI-NL$bfin
=041  1\$afin$heng
=042  \\$afinb
=072  \7$a87$2kkaa
=080  \\$a820$x-3$21974/fin/fennica
=080  \\$a820-3
=084  \\$a84.2$2ykl
=084  9\$aScifi$2ykl
=100  1\$aBallard, J. G.$1http://viaf.org/viaf/9842556$4http://rdaregistry.info/Elements/w/object/P10061
=240  14$aThe drowned world,$lsuomi$1http://viaf.org/viaf/309277534
=245  10$aUponnut maailma /$cJ. G. Ballard ; suomentanut Mika Renvall.
=246  3\$aSaturnus SciFi
=260  \\$aHelsinki :$bJalava,$c2011$e(Hämeenlinna :$fKariston kirjapaino)
=300  \\$a176 s. ;$c22 cm
=336  \\$atekst$0http://rdaregistry.info/termList/RDAContentType/1020
=337  \\$auformidlet$0http://rdaregistry.info/termList/RDAMediaType/1007
=338  \\$abind$0http://rdaregistry.info/termList/RDACarrierType/1049
=380  \\$aSpråkbasert verk$1https://schema.nb.no/Bibliographic/Values/V1000
=490  0\$aSaturnus SciFi
=600  14$aKerans, Robert$c(fiktiivinen hahmo)
=650  \7$abiologit$2kaunokki
=650  \7$aekokatastrofit$xtulevaisuus$2kaunokki
=650  \7$aengelska$2yso/swe$0http://www.yso.fi/onto/yso/p2573
=650  \7$aenglannin kieli$2yso/fin$0http://www.yso.fi/onto/yso/p2573
=650  \7$afinsk litteratur$2yso/swe$0http://www.yso.fi/onto/yso/p16810
=650  \7$afinska$2yso/swe$0http://www.yso.fi/onto/yso/p8856
=650  \7$ailmasto$xlämpeneminen$2kaunokki
=650  \7$ailmastonmuutokset$xvedenpaisumukset$2kaunokki
=650  \7$akäännökset$2yso/fin$0http://www.yso.fi/onto/yso/p16349
=650  \7$akaupungit$zLontoo$2kaunokki
=650  \7$aöversättningar$2yso/swe$0http://www.yso.fi/onto/yso/p16349
=650  \7$asuomen kieli$2yso/fin$0http://www.yso.fi/onto/yso/p8856
=650  \7$asuomenkielinen kirjallisuus$2yso/fin$0http://www.yso.fi/onto/yso/p16810
=650  \7$atrooppinen vyöhyke$zEnglanti$2kaunokki
=650  \7$atuhon jälkeinen maailma$2kaunokki
=650  \7$atutkimusretkikunnat$2kaunokki
=650  \7$aviidakot$zEurooppa$2kaunokki
=653  \\$aromaanit$aenglannin kieli$asuomenkielinen käännös
=655  \7$adystopiat$2slm/fin$0http://urn.fi/URN:NBN:fi:au:slm:s1011
=655  \7$adystopier$2slm/swe$0http://urn.fi/URN:NBN:fi:au:slm:s1011
=655  \7$akaunokirjallisuus$2slm/fin$0http://urn.fi/URN:NBN:fi:au:slm:s975
=655  \7$ascience fiction-litteratur$2slm/swe$0http://urn.fi/URN:NBN:fi:au:slm:s418
=655  \7$askönlitteratur$2slm/swe$0http://urn.fi/URN:NBN:fi:au:slm:s975
=655  \7$atieteiskirjallisuus$2slm/fin$0http://urn.fi/URN:NBN:fi:au:slm:s418
=700  1\$aRenvall, Mika,$ekääntäjä.$0(FI-ASTERI-N)000112023$4trl
=830  \0$aSaturnus SciFi.

