=LDR  00780cam a2200229   4500
=001  a4341469
=003  SpMaBN
=005  20200515023442.6
=008  080923s2008\\\\sp\\\\\|\||||\000\f\spa\\
=015  \\$aMON0812
=017  \\$aB 27854-2008$bOficina Depósito Legal Barcelona
=020  \\$a978-84-450-7709-2
=040  \\$aSpMaBN$bspa$cSpMaBN$erdc
=041  1\$aspa$heng
=080  \\$a821.111-31"19"
=100  1\$aBallard, J. G.$d1930-2009$0XX1721261$1http://viaf.org/viaf/9842556$4http://rdaregistry.info/Elements/w/object/P10061
=240  10$aCrash$1http://viaf.org/viaf/305922109
=245  10$aCrash$h[Texto impreso]$cJ.G. Ballard ; [traducción de Francisco Abelenda]
=250  \\$a1ª ed.
=260  \\$aBarcelona$bMinotauro$c2008
=300  \\$a215 pages$c23 cm
=336  \\$atekst$0http://rdaregistry.info/termList/RDAContentType/1020
=337  \\$auformidlet$0http://rdaregistry.info/termList/RDAMediaType/1007
=338  \\$abind$0http://rdaregistry.info/termList/RDACarrierType/1049
=380  \\$aSpråkbasert verk$1https://schema.nb.no/Bibliographic/Values/V1000
=594  \\$aTraducción de: Crash
=700  1\$aAbelenda, Francisco$d1922-2014$4trl$1http://viaf.org/viaf/76117483

