=LDR  05102pam a2200829 c 4500
=001  981025323
=003  DE-101
=005  20171202004838.0
=007  tu
=008  060828s2006\\\\gw\|||||\m|||\00||||eng\\
=015  \\$a06,A47,1832$z06,N38,1112$2dnb
=016  7\$2DE-101$a981025323
=020  \\$a3825351459$cPp. : EUR 55.00$93-8253-5145-9
=020  \\$a9783825351458$cPp. : EUR 55.00$9978-3-8253-5145-8
=024  3\$a9783825351458
=040  \\$a1245$bger$cDE-101$d9999
=041  \\$aeng
=044  \\$cXA-DE-BW
=082  74$a820$qDE-101$222sdnb
=090  \\$ab
=100  1\$0(DE-588)132167913$0https://d-nb.info/gnd/132167913$aDitze, Stephan-Alexander$1http://viaf.org/viaf/15923842$4http://rdaregistry.info/Elements/w/object/P10061
=240  \\$aAmerica and the Americans in postwar British fiction$1http://viaf.org/viaf/15923842/americaandtheamericans
=245  10$aAmerica and the Americans in postwar British fiction$ban imagological study of selected novels$cStephan-Alexander Ditze
=264  \1$aHeidelberg$bWinter$c2006
=300  \\$aXIII, 368 S.$c22 cm
=336  \\$atekst$0http://rdaregistry.info/termList/RDAContentType/1020
=337  \\$auformidlet$0http://rdaregistry.info/termList/RDAMediaType/1007
=338  \\$abind$0http://rdaregistry.info/termList/RDACarrierType/1049
=380  \\$aSpråkbasert verk$1https://schema.nb.no/Bibliographic/Values/V1000
=490  1\$aAmerican studies$vVol. 138
=502  \\$aZugl.: Vechta, Hochsch., Diss., 2004
=600  17$0(DE-588)4390644-8$0https://d-nb.info/gnd/4390644-8$0(DE-101)945949308$aLodge, David$d1935-$tChanging places$9rswk-swf$2gnd$1http://viaf.org/viaf/190447471
=600  17$0(DE-588)4575212-6$0https://d-nb.info/gnd/4575212-6$0(DE-101)958195757$aWaugh, Evelyn$d1903-1966$tThe loved one$9rswk-swf$2gnd$1http://viaf.org/viaf/181821021
=600  17$0(DE-588)4678069-5$0https://d-nb.info/gnd/4678069-5$0(DE-101)964019140$aGreene, Graham$d1904-1991$tThe quiet American$9rswk-swf$2gnd$1http://viaf.org/viaf/313335324
=600  17$0(DE-588)7546757-4$0https://d-nb.info/gnd/7546757-4$0(DE-101)981604684$aAmis, Kingsley$d1922-1995$tOne fat englishman$9rswk-swf$2gnd$1http://viaf.org/viaf/311112707
=600  17$0(DE-588)7546759-8$0https://d-nb.info/gnd/7546759-8$0(DE-101)98160482X$aBallard, J. G.$d1930-2009$tHello America$9rswk-swf$2gnd$1http://viaf.org/viaf/202977755
=653  \\$a(VLB-FS)Amerikabild, britisches
=653  \\$a(VLB-FS)Amis, Kingsley
=653  \\$a(VLB-FS)Ballard, James Graham
=653  \\$a(VLB-FS)Greene, Graham
=653  \\$a(VLB-FS)Imagologie
=653  \\$a(VLB-FS)Lodge, David
=653  \\$a(VLB-FS)Nachkriegsroman, britischer
=653  \\$a(VLB-FS)Stereotypenforschung
=653  \\$a(VLB-FS)Waugh, Evelyn
=653  \\$a(VLB-PF)BB: Gebunden
=653  \\$a(VLB-WG)574: Literaturwissenschaft / Englische Literaturwissenschaft
=653  \\$a(VLB-WI)1: Hardcover, Softcover, Karte
=655  \7$0(DE-588)4113937-9$0https://d-nb.info/gnd/4113937-9$0(DE-101)041139372$aHochschulschrift$2gnd-content
=830  \0$aAmerican studies$vVol. 138$w(DE-101)014011670$w(DE-600)740217-X$93138$7as
=856  42$mV:DE-603$qapplication/pdf$uhttps://d-nb.info/981025323/04$3Inhaltsverzeichnis
=856  42$mX:MVB$qtext/html$uhttp://deposit.dnb.de/cgi-bin/dokserv?id=2849617&prov=M&dok_var=1&dok_ext=htm$3Inhaltstext

