=LDR  02149pam a2200493 c 4500
=001  1132723493
=003  DE-101
=005  20181127012108.0
=007  tu
=008  170524s2018\\\\gw\|||||\||||\00||||ger\\
=015  \\$a18,A48$z17,N22$2dnb
=016  7\$2DE-101$a1132723493
=020  \\$a3035800456$93-0358-0045-6
=020  \\$a9783035800456$cBroschur : EUR 20.00 (DE), CHF 25.00 (freier Preis)$9978-3-0358-0045-6
=024  3\$a9783035800456
=040  \\$a1145$bger$cDE-101$d9999$erda
=041  \\$ager$heng
=044  \\$cXA-DE
=082  74$82\p$a820$aB$qDE-101$223sdnb
=090  \\$ab
=100  1\$0(DE-588)118656929$0https://d-nb.info/gnd/118656929$0(DE-101)118656929$aBallard, J. G.$d1930-2009$eVerfasser$4aut$2gnd$1http://viaf.org/viaf/9842556$4http://rdaregistry.info/Elements/w/object/P10061
=240  10$aMillennium people$1http://viaf.org/viaf/453162608678949820008
=245  10$aMillennium people$cJ.G. Ballard ; aus dem Englischen von Jan Bender
=250  \\$a1. Auflage
=259  \\$a11
=264  \1$aZürich$bdiaphanes$c2018
=300  \\$a356 Seiten$c20 cm
=336  \\$aText$btxt$2rdacontent$0http://rdaregistry.info/termList/RDAContentType/1020
=337  \\$aohne Hilfsmittel zu benutzen$bn$2rdamedia$0http://rdaregistry.info/termList/RDAMediaType/1007
=338  \\$aBand$bnc$2rdacarrier$0http://rdaregistry.info/termList/RDACarrierType/1049
=653  \\$a(BISAC Subject Heading)FIC000000
=653  \\$a(Produktform)Paperback / softback
=653  \\$a(VLB-WN)1112: Hardcover, Softcover / Belletristik/Gegenwartsliteratur (ab 1945)
=653  \\$aBourgeoisie
=653  \\$aGewalt
=653  \\$aLondon
=653  \\$aRevolution
=653  \\$aTerror
=655  \7$0(DE-101)1010008188$aErzählende Literatur: Gegenwartsliteratur ab 1945$2gatbeg
=655  \7$0(DE-588)1071854844$0https://d-nb.info/gnd/1071854844$0(DE-101)1071854844$aFiktionale Darstellung$2gnd-content
=700  1\$aBender, Jan$eÜbersetzer$4trl
=710  2\$81\p$0(DE-588)1064211070$0https://d-nb.info/gnd/1064211070$0(DE-101)1064211070$aDiaphanes$eVerlag$4pbl$2gnd
=776  08$iErscheint auch als$nOnline-Ausgabe$tMillennium People$dZürich : Diaphanes, 2018$hOnline-Ressource, 360 Seiten$w(DE-101)1172212848
=856  42$mB:DE-101$qapplication/pdf$uhttps://d-nb.info/1132723493/04$3Inhaltsverzeichnis

