=LDR  00803cam a22002293i 4500
=001  004827677
=003  FI-MELINDA
=005  20200408104111.0
=008  940106s1981\\\\ne\|||||||||||||||||eng||
=020  \\$a90-6332-731-5$qhardback
=020  \\$a90-6332-771-4$qpaperback
=041  0\$aeng
=084  \\$a84.5$2ykl
=100  1\$aBallard, J. G.$1http://viaf.org/viaf/9842556$4http://rdaregistry.info/Elements/w/object/P10061
=240  10$aThe drownd world$1http://viaf.org/viaf/309277534
=245  14$aThe drowned world /$cJ. G. Ballard ; illustrated by Dick French.
=260  \\$aHendrik-Ido-Ambacht :$bDragon's Dream,$c1981.
=300  \\$a158 s. :$bkuvitettu
=336  \\$atekst$0http://rdaregistry.info/termList/RDAContentType/1020
=337  \\$auformidlet$0http://rdaregistry.info/termList/RDAMediaType/1007
=338  \\$abind$0http://rdaregistry.info/termList/RDACarrierType/1049
=380  \\$aSpråkbasert verk$1https://schema.nb.no/Bibliographic/Values/V1000
=700  1\$aFrench, Dick.$4ill

