=LDR  01245pam a2200361 a 4500
=001  014100189
=003  Uk
=005  20080813105745.0
=008  070920r20081984enk\\\\\\\\\\\000\1\eng\d
=015  \\$aGBA783541$2bnb
=016  7\$a014100189$2Uk
=020  \\$a0007268408 (pbk.) :$c£7.99
=020  \\$a9780007268405 (pbk.) :$c£7.99
=040  \\$aStDuBDS$beng$cStDuBDS$dUk
=042  \\$aukblcatcopy
=082  0\$a823.914$222
=100  1\$aBallard, J. G.$d1930-2009$1http://viaf.org/viaf/9842556$4http://rdaregistry.info/Elements/w/object/P10061
=240  10$aEmpire of the sun$1http://viaf.org/viaf/180997771
=245  10$aEmpire of the sun /$cJ.G. Ballard.
=260  \\$aLondon :$bHarper Perennial,$c2008.
=300  \\$a351, 31 pages ;$c20 cm.
=336  \\$atext$2rdacontent$0http://rdaregistry.info/termList/RDAContentType/1020
=337  \\$aunmediated$2rdamedia$0http://rdaregistry.info/termList/RDAMediaType/1007
=338  \\$avolume$2rdacarrier$0http://rdaregistry.info/termList/RDACarrierType/1049
=380  \\$aFiction
=490  1\$aThe Perennial collection
=500  \\$aFormerly CIP.$5Uk
=500  \\$aOriginally published: London: Gollancz, 1984.
=650  \0$aBildungsromans.
=650  \0$aBoys$zChina$zShanghai$vFiction.
=650  \0$aBritish$zChina$zShanghai$vFiction.
=650  \0$aWorld War, 1939-1945$zChina$zShanghai$vFiction.
=651  \0$aShanghai (China)$vFiction.
=830  \4$aThe Perennial collection

