=LDR  00862nam a2200241   4500
=001  bimo0000193629
=003  SpMaBN
=005  20200515012147.6
=008  871001s1986\\\\sp\\\\\\\\\\\\000\\\spa\\
=016  7\$abimoBNE19921080447$zIBH8705212355$2SpMaBN
=017  \\$aB 10353-1986$bOficina Depósito Legal Barcelona
=020  \\$a84-450-7055-X
=040  \\$aIBH$bspa$cSpMaBN$erdc
=041  1\$aspa$heng
=080  \\$a820-31"19"
=100  1\$aBallard, J. G.$d1930-2009$0XX1721261$1http://viaf.org/viaf/9842556$4http://rdaregistry.info/Elements/w/object/P10061
=240  10$aHello America$1http://viaf.org/viaf/202977755
=245  10$aHola América$h[Texto impreso]$cJ.G. Ballard ; [traducción de Carlos Peralta]
=250  \\$a1ª ed.
=260  \\$aBarcelona$bMinotauro$c1986
=300  \\$a258 pages$c21 cm
=336  \\$atekst$0http://rdaregistry.info/termList/RDAContentType/1020
=337  \\$auformidlet$0http://rdaregistry.info/termList/RDAMediaType/1007
=338  \\$abind$0http://rdaregistry.info/termList/RDACarrierType/1049
=380  \\$aSpråkbasert verk$1https://schema.nb.no/Bibliographic/Values/V1000
=500  \\$aTraducción de: Hello América
=700  1\$aPeralta, Carlos$4trl$1http://viaf.org/viaf/7284374

