=LDR  01419nam a2200349 c 4500
=001  966269365
=003  DE-101
=005  20171203135415.0
=007  tu
=008  030128s2000\\\\gw\|||||\||||\00||||ger\\
=015  \\$a03,A12,2056$2dnb
=016  7\$2DE-101$a966269365
=020  \\$a3442839475$ckart. : EUR 19.00$93-442-83947-5
=020  \\$a9783442839476$ckart. : EUR 19.00$9978-3-442-83947-6
=040  \\$a1230$bger$cDE-101$d9999
=041  \\$ager$heng
=044  \\$cXA-DE
=084  \\$a59$a810$a820$a830$a839$a840$a850$a860$a870$a880$a890$aB$qDE-101$2sdnb
=090  \\$ab
=100  1\$0(DE-588)118656929$0https://d-nb.info/gnd/118656929$0(DE-101)118656929$aBallard, J. G.$d1930-2009$eVerfasser$4aut$2gnd$1http://viaf.org/viaf/9842556$4http://rdaregistry.info/Elements/w/object/P10061
=240  10$aCocaine nights$1http://viaf.org/viaf/7815148574285124430000
=245  10$aWeißes Feuer$bRoman$cJ. G. Ballard. Aus dem Engl. von Joachim Körber
=250  \\$aPrint-on-Demand-Ausg.
=259  \\$aprod
=264  \1$aMünchen$bGoldmann$c2000
=300  \\$a380 S.$c19 cm
=336  \\$aText$btxt$2rdacontent$0http://rdaregistry.info/termList/RDAContentType/1020
=337  \\$aohne Hilfsmittel zu benutzen$bn$2rdamedia$0http://rdaregistry.info/termList/RDAMediaType/1007
=338  \\$aBand$bnc$2rdacarrier$0http://rdaregistry.info/termList/RDACarrierType/1049
=490  1\$aGoldmann$v83947
=700  12$aBallard, J. G.$d1930-2009$2gnd$tCocaine nights$gdt.$1http://viaf.org/viaf/7815148574285124430000
=700  1\$aKörber, Joachim$4trl$1http://viaf.org/viaf/37083705
=830  \0$aGoldmann$v83947$w(DE-101)01079042X$w(DE-600)135758-X$9583947$7as

