=LDR  00827cim a22002534i 4500
=001  010011641
=003  FI-MELINDA
=005  20210129190916.0
=007  sd||||||||m||d
=008  071107s2007\\\\xxk|||||\||||\||||||eng|c
=020  \\$a978-1-4056-8978-6
=028  01$bBBC Audiobooks$aCCD1123
=041  0\$aeng
=084  \\$a84.5$2ykl
=100  1\$aBallard, J. G.$1http://viaf.org/viaf/9842556$4http://rdaregistry.info/Elements/w/object/P10061
=240  10$aKingdom Come$1http://viaf.org/viaf/3952163159958701640003
=245  10$aKingdom come /$cJ. G. Ballard.
=260  \\$aBath :$bBBC Audiobooks,$cp2007.
=300  \\$a8 CD-äänilevyä (9 h 16 min)
=336  \\$atale$0http://rdaregistry.info/termList/RDAContentType/1013
=337  \\$alydmedier$0http://rdaregistry.info/termList/RDAMediaType/1001
=338  \\$adataplate$0http://rdaregistry.info/termList/RDACarrierType/1013
=344  \\$adigital$2rda
=347  \\$aaudio file$bCD audio$2rda
=380  \\$aSpråkbasert verk$1https://schema.nb.no/Bibliographic/Values/V1000
=511  0\$aRead by David Rintoul.
=700  1\$aRintoul, David,$eesittäjä.$4nrt

