=LDR  00862nam a22002415  4500
=001  bimo0000293339
=003  SpMaBN
=005  20200515012644.6
=008  930604s1993\\\\sp\|\\\\\\\\\||||\||spa\\
=016  7\$abimoBNE19930182539$2SpMaBN
=017  \\$aB 6338-1993$bOficina Depósito Legal Barcelona
=020  \\$a84-450-7101-7
=040  \\$aSpMaBN$bspa$cSpMaBN$erdc
=041  1\$aspa$heng
=080  \\$a820-31"19"
=100  1\$aBallard, J. G.$d1930-2009$0XX1721261$1http://viaf.org/viaf/9842556$4http://rdaregistry.info/Elements/w/object/P10061
=240  10$aVermilion sands$lEspañol$1http://viaf.org/viaf/307991538
=245  10$aVermilion sands$h[Texto impreso]$cJ.G. Ballard ; [traducción de Marcial Souto]
=250  \\$a1ª ed.
=260  \\$aBarcelona$bMinotauro$c1993
=300  \\$a231 pages$c21 cm
=336  \\$atext$2rdacontent$0http://rdaregistry.info/termList/RDAContentType/1020
=337  \\$aunmediated$2rdamedia$0http://rdaregistry.info/termList/RDAMediaType/1007
=338  \\$avolume$2rdacarrier$0http://rdaregistry.info/termList/RDACarrierType/1049
=380  \\$aSpråkbasert verk$1https://schema.nb.no/Bibliographic/Values/V1000
=594  \\$aTraducción de: Vermilion Sands
=700  1\$aSouto, Marcial$4trl$1https://isni.org/isni/0000000119351140

