=LDR  00923nam a2200241 a 4500
=001  010261200
=003  UkOxU
=005  19960510234330.0
=008  881123r19881987enk\\\\\d\\\\\000\1\eng\d
=015  \\$aGB-8826625
=020  \\$a0708984800
=082  \\$a823/.914$dF$219
=092  \\$aD0400582928
=100  1\$aBallard, J. G.$d1930-2009$1http://viaf.org/viaf/9842556$4http://rdaregistry.info/Elements/w/object/P10061
=240  10$aThe day of creation$1http://viaf.org/viaf/308025936
=245  14$aThe day of creation
=260  \\$aLeicester :$bCharnwood,$c1988
=300  \\$a378 pages (large print)
=336  \\$atekst$0http://rdaregistry.info/termList/RDAContentType/1020
=337  \\$auformidlet$0http://rdaregistry.info/termList/RDAMediaType/1007
=338  \\$abind$0http://rdaregistry.info/termList/RDACarrierType/1049
=380  \\$aSpråkbasert verk$1https://schema.nb.no/Bibliographic/Values/V1000
=490  0\$aCharnwood large type

