=LDR  00694nam a2200193 a 4500
=001  017186844
=003  UkOxU
=005  20100324094957.0
=008  100324r20062000enk\\\\\\\\\\\000\1\eng\d
=020  \\$a0006551607 (pbk.)
=020  \\$a9780006551607 (pbk.)
=100  1\$aBallard, J. G.$d1930-2009$1http://viaf.org/viaf/9842556$4http://rdaregistry.info/Elements/w/object/P10061
=240  10$aSuper-Cannes$1http://viaf.org/viaf/7243154501919339210000
=245  10$aSuper-Cannes /$cJ.G. Ballard.
=260  \\$aLondon :$bHarper Perennial,$c2006.
=300  \\$a391 pages ;$c20 cm.
=336  \\$atext$2rdacontent$0http://rdaregistry.info/termList/RDAContentType/1020
=337  \\$aunmediated$2rdamedia$0http://rdaregistry.info/termList/RDAMediaType/1007
=338  \\$avolume$2rdacarrier$0http://rdaregistry.info/termList/RDACarrierType/1049
=380  \\$aSpråkbasert verk$1https://schema.nb.no/Bibliographic/Values/V1000
=500  \\$aOriginally published: 2000.
=650  \0$aWomen physicians$zFrance$zRiviera$vFiction.
=651  \0$aRiviera (France)$vFiction.

