=LDR  02477pam a2200469 c 4500
=001  1201894808
=003  DE-101
=005  20201218203755.0
=007  tu
=008  191220s2020\\\\sz\|||||\||||\00||||ger\\
=015  \\$a20,A36$z20,N01$2dnb
=016  7\$2DE-101$a1201894808
=020  \\$a3035802726$93-0358-0272-6
=020  \\$a9783035802726$cBroschur : EUR 17.50 (DE), EUR 18.00 (AT), CHF 22.50 (freier Preis)$9978-3-0358-0272-6
=024  3\$a9783035802726
=040  \\$a1145$bger$cDE-101$d9999$erda
=041  \\$ager$heng
=044  \\$cXA-CH
=082  74$82\p$a820$aB$qDE-101$223sdnb
=090  \\$ab
=100  1\$0(DE-588)118656929$0https://d-nb.info/gnd/118656929$0(DE-101)118656929$aBallard, J. G.$d1930-2009$eVerfasser$4aut$2gnd$1http://viaf.org/viaf/9842556$4http://rdaregistry.info/Elements/w/object/P10061
=240  10$0(DE-588)104576583X$0https://d-nb.info/gnd/104576583X$0(DE-101)104576583X$aThe atrocity exhibition$2gnd$1http://viaf.org/viaf/182227002
=245  10$aLiebe & Napalm: Export USA$cJ.G. Ballard ; aus dem Englischen von Carl Weissner
=250  \\$a1. Auflage
=259  \\$a11
=264  \1$aZürich$bDiaphanes$c2020
=300  \\$a170 Seiten$c20 cm
=336  \\$aText$btxt$2rdacontent$0http://rdaregistry.info/termList/RDAContentType/1020
=337  \\$aohne Hilfsmittel zu benutzen$bn$2rdamedia$0http://rdaregistry.info/termList/RDAMediaType/1007
=338  \\$aBand$bnc$2rdacarrier$0http://rdaregistry.info/termList/RDACarrierType/1049
=653  \\$a(BISAC Subject Heading)FIC000000
=653  \\$a(BISAC Subject Heading)FIC019000
=653  \\$a(BISAC Subject Heading)FIC055000
=653  \\$a(Produktform)Paperback / softback
=653  \\$a(VLB-WN)1112: Hardcover, Softcover / Belletristik/Gegenwartsliteratur (ab 1945)
=655  \7$0(DE-101)1010008188$aErzählende Literatur: Gegenwartsliteratur ab 1945$2gatbeg
=655  \7$0(DE-588)1071854844$0https://d-nb.info/gnd/1071854844$0(DE-101)1071854844$aFiktionale Darstellung$2gnd-content
=700  1\$0(DE-588)107849410$0https://d-nb.info/gnd/107849410$0(DE-101)107849410$aWeissner, Carl$d1940-2012$eÜbersetzer$4trl$2gnd
=710  2\$81\p$0(DE-588)1064211070$0https://d-nb.info/gnd/1064211070$0(DE-101)1064211070$aDiaphanes$eVerlag$4pbl$2gnd
=776  08$iErscheint auch als$nOnline-Ausgabe$tLiebe & Napalm: Export USA$dZürich : Diaphanes, 2020$hOnline-Ressource, 176 Seiten$w(DE-101)1222675749
=856  42$mB:DE-101$qapplication/pdf$uhttps://d-nb.info/1201894808/04$3Inhaltsverzeichnis
=856  42$mX:MVB$qtext/html$uhttp://deposit.dnb.de/cgi-bin/dokserv?id=45792b9b944f421f9d02f0eb4ac4a402&prov=M&dok_var=1&dok_ext=htm$3Inhaltstext

