=LDR  01220camsa2200265ba 4500
=001  10245321
=003  SE-LIBR
=005  20090422155749.0
=008  061025s1982\\\\sw\\\\\\\\\\\\\\\\\\swe\\
=020  \\$a91-85914-06-1
=028  42$a978-91-85914-06-7
=084  \\$5Mo$aHcee.01$2kssb/8
=084  \\$aHcee.01
=100  1\$aBallard, J. G.$d1930-2009$0176668$1http://viaf.org/viaf/9842556$4http://rdaregistry.info/Elements/w/object/P10061
=245  10$a"Men är inte Kennedy redan död?..." :$btre romaner /$cav J. G. Ballard ; urval, översättning och introduktion: K. G. Johansson och Gunilla Dahlblom
=260  \\$aStockholm$bEmbryo$c1982
=336  \\$atext$2rdacontent$0http://rdaregistry.info/termList/RDAContentType/1020
=337  \\$aunmediated$2rdamedia$0http://rdaregistry.info/termList/RDAMediaType/1007
=338  \\$avolume$2rdacarrier$0http://rdaregistry.info/termList/RDACarrierType/1049
=380  \\$aSpråkbasert verk$1https://schema.nb.no/Bibliographic/Values/V1000
=500  \\$5Mo$aÖversättning från engelska av valda texter
=520  8\$5Mo$aInnehåll: Mordvapnet ; Varför jag vill knulla Ronald Reagan ; Mordet på John Fitzgerald Kennedy betraktat som en biltävling i nedförsbacke
=546  \\$5Mo$asvenska
=653  \\$5Mo$aNoveller
=653  \\$5Mo$aScience fiction
=655  \4$5Mo$aBok
=700  \2$aBallard, J. G.$d1930-2009$tMordvapnet
=700  \2$aBallard, J. G.$d1930-2009$tVarför jag vill knulla Ronald Reagan
=700  \2$aBallard, J. G.$d1930-2009$tMordet på John Fitzgerald Kennedy betraktat som en biltävling i nedförsbacke

