=LDR  01402nam a2200337 c 4500
=001  730259102
=003  DE-101
=005  20171201230259.0
=007  tu
=008  730812s1971\\\\gw\|||||\||||\00||||ger\\
=015  \\$a73,A33,0187$2dnb
=016  7\$2DE-101$a730259102
=020  \\$a3436014478$ckart. : DM 2.80$93-436-01447-8
=020  \\$a9783436014476$ckart. : DM 2.80$9978-3-436-01447-6
=040  \\$a1200$bger$cDE-101$d9999
=041  \\$ager
=044  \\$cXA-DE
=084  \\$a59$a810$a820$a830$a839$a840$a850$a860$a870$a880$a890$aB$qDE-101$2sdnb
=100  1\$0(DE-588)118656929$0https://d-nb.info/gnd/118656929$0(DE-101)118656929$aBallard, J. G.$d1930-2009$eVerfasser$4aut$2gnd$1http://viaf.org/viaf/9842556$4http://rdaregistry.info/Elements/w/object/P10061
=245  10$aKristallwelt$bRoman$cJ. G. Ballard. [Aus d. Engl. übers. von Margarete Bormann]
=250  \\$aUngekürzte Ausg.
=259  \\$auna
=264  \1$aFrankfurt (am Main)$bFischer-Taschenbuch-Verlag$c1971
=300  \\$a142 S.;$c18 cm
=336  \\$aText$btxt$2rdacontent$0http://rdaregistry.info/termList/RDAContentType/1020
=337  \\$aohne Hilfsmittel zu benutzen$bn$2rdamedia$0http://rdaregistry.info/termList/RDAMediaType/1007
=338  \\$aBand$bnc$2rdacarrier$0http://rdaregistry.info/termList/RDACarrierType/1049
=490  1\$a[Fischer-Taschenbücher]$v1228
=500  \\$aLizenz d. von-Schröder-Verl., Hamburg u. Düsseldorf.
=700  12$aBallard, J. G.$d1930-2009$2gnd$tThe crystal world$gdt.$1http://viaf.org/viaf/307967896
=830  \0$aFischer-Taschenbücher$v1228$941228

