=LDR  01163nam a2200301 c 4500
=001  972186425
=003  DE-101
=005  20171203165339.0
=007  tu
=008  040907s2004\\\\gw\|||||\||||\00||||ger\\
=015  \\$a04,A50,1803$2dnb
=016  7\$2DE-101$a972186425
=020  \\$a3899962575$cPp. : EUR 9.95$93-89996-257-5
=020  \\$a9783899962574$cPp. : EUR 9.95$9978-3-89996-257-4
=040  \\$a1130$bger$cDE-101$d9999
=041  \\$ager$heng
=044  \\$cXA-DE
=082  74$a820$aB$qDE-101$222sdnb
=100  1\$0(DE-588)118656929$0https://d-nb.info/gnd/118656929$0(DE-101)118656929$aBallard, J. G.$d1930-2009$eVerfasser$4aut$2gnd$1http://viaf.org/viaf/9842556$4http://rdaregistry.info/Elements/w/object/P10061
=243  10$aSammlung$ldt.
=245  \\$aCrash & Die Betoninsel [u.a.]$bDrei Romane in einem Band / $cJ. G. Ballard. [Dt. Übers. von Joachim Körber ...]
=264  \1$aErftstadt$bArea$c2004
=300  \\$a794 S$c18 cm
==336  \\$atext$2rdacontent$0http://rdaregistry.info/termList/RDAContentType/1020
=337  \\$aunmediated$2rdamedia$0http://rdaregistry.info/termList/RDAMediaType/1007
=338  \\$avolume$2rdacarrier$0http://rdaregistry.info/termList/RDACarrierType/1049
=380  \\$aSpråkbasert verk$1https://schema.nb.no/Bibliographic/Values/V1000
=700  12$aBallard, J. G.$d1930-2009$tConcrete Island$1http://viaf.org/viaf/174604532
=700  12$aBallard, J. G.$d1930-2009$2gnd$tCrash$gdt.$1http://viaf.org/viaf/305922109
=700  1\$aKörber, Joachim$4trl$1http://viaf.org/viaf/37083705

