=LDR  01063cam a2200277   4500
=001  a4341876
=003  SpMaBN
=005  20200515023443.6
=008  080924s2008\\\\sp\\\\\|\||||\000\f\spa\\
=015  \\$aMON0812
=017  \\$aB 31435-2008$bOficina Depósito Legal Barcelona
=020  \\$a978-84-8346-812-8
=040  \\$aSpMaBN$bspa$cSpMaBN$erdc
=041  1\$aspa$heng
=080  \\$a821.111-31"19"
=100  1\$aBallard, J. G.$d1930-2009$0XX1721261$1http://viaf.org/viaf/9842556$4http://rdaregistry.info/Elements/w/object/P10061
=240  14$aThe kindness of women$lEspañol$1http://viaf.org/viaf/8009153289944232770002
=245  13$aLa bondad de las mujeres$h[Texto impreso]$c[J.G. Ballard] ; traducción de Luis Murillo Fort
=250  \\$a1ª ed.
=260  \\$a[Barcelona]$bDebolsillo$c2008
=300  \\$a374 pages$c20 cm
=336  \\$atext$2rdacontent$0http://rdaregistry.info/termList/RDAContentType/1020
=337  \\$aunmediated$2rdamedia$0http://rdaregistry.info/termList/RDAMediaType/1007
=338  \\$avolume$2rdacarrier$0http://rdaregistry.info/termList/RDACarrierType/1049
=380  \\$aSpråkbasert verk$1https://schema.nb.no/Bibliographic/Values/V1000
=490  1\$aBest seller$v758/2
=490  1\$aBiblioteca J.G. Ballard$v2
=594  \\$aTraducción de: The kindness of women
=700  1\$aFort, Luis Murillo$4trl
=800  1\$aBallard, J. G.$d1930-2009$tBiblioteca J.G. Ballard (Debolsillo)$v2
=830  \0$aBestseller (Barcelona)$v758/2

