=LDR  01544cam a2200349 c 4500
=001  998821673324702201
=003  BIBSYS
=005  20211031215352.0
=007  cr||||||||||||
=007  ta
=008  150206s1988\\\\no#|||||\|||||000|1|nob|d
=015  \\$a8800971$2nbf
=015  \\$a8804097$2nbf
=020  \\$a8203158137$qib.$cNkr 238.00
=040  \\$aNO-TrBIB$bnob$ekatreg
=041  1\$heng
=044  \\$cno
=082  74$a823$qNO-OsNB$24/nor
=100  1\$aBallard, J.G.$d1930-2009$0(NO-TrBIB)90199005$1http://viaf.org/viaf/9842556$4http://rdaregistry.info/Elements/w/object/P10061
=240  14$aThe day of creation$lSvenska$1http://viaf.org/viaf/308025936
=245  10$aSkapelsens dag$cJ. G. Ballard ; oversatt av Odd Kvaal Pedersen
=246  1\$aThe day of creation$iOriginaltittel
=260  \\$aOslo$bAschehoug$c1988
=300  \\$a278 s.$c22 cm
=336  \\$atekst$0http://rdaregistry.info/termList/RDAContentType/1020
=337  \\$auformidlet$0http://rdaregistry.info/termList/RDAMediaType/1007
=338  \\$abind$0http://rdaregistry.info/termList/RDACarrierType/1049
=347  \\$adata file$2rda
=380  \\$aSpråkbasert verk$1https://schema.nb.no/Bibliographic/Values/V1000
=533  \\$aElektronisk reproduksjon$b[Norge]$cNasjonalbiblioteket Digital$d2012-02-25
=700  1\$aPedersen, Odd Kvaal$d1935-1990$0(NO-TrBIB)90052113$4trl$1http://viaf.org/viaf/29585795
=856  41$3Fulltekst$uhttps://www.nb.no/search?q=oaiid:"oai:nb.bibsys.no:998821673324702202"&mediatype=bøker$yNettbiblioteket$zSøke-URL
=856  42$3Beskrivelse fra Forlagssentralen$uhttp://content.bibsys.no/content/?type=descr_forlagssentr&isbn=8203158137

