=LDR  00690cam a22002177i 4500
=001  002652489
=003  FI-MELINDA
=005  20150103124635.0
=008  841023s1974\\\\xxk|||||||||||||||||eng||
=020  \\$a0-14-002753-X$qnidottu
=041  0\$aeng
=080  \\$a820$x-3
=100  1\$aBallard, J. G.$1http://viaf.org/viaf/9842556$4http://rdaregistry.info/Elements/w/object/P10061
=240  10$aThe drought$1http://viaf.org/viaf/308000706
=245  14$aThe drought /$cJ. G. Ballard.
=250  \\$aRepr.
=260  \\$aHarmondsworth :$bPenguin Books,$c1974.
=300  \\$a175 s
=336  \\$atext$2rdacontent$0http://rdaregistry.info/termList/RDAContentType/1020
=337  \\$aunmediated$2rdamedia$0http://rdaregistry.info/termList/RDAMediaType/1007
=338  \\$avolume$2rdacarrier$0http://rdaregistry.info/termList/RDACarrierType/1049
=380  \\$aSpråkbasert verk$1https://schema.nb.no/Bibliographic/Values/V1000

