=LDR  02528aam a22005291i 4500
=001  019934373
=003  Uk
=005  20200928170051.0
=006  m\\\\||\\d\|\\\\\\
=007  cr\|||||||||||
=008  200911s2019\\\\xxk||||fo\\\\||||\||eng\\
=015  \\$aGBC0E5781$2bnb
=020  \\$a1838715169$qElectronic book (EPUB format)
=020  \\$a9781838715168$qElectronic book (EPUB format)
=020  \\$z9780851707198$qprint
=037  \\$a9781838715168$bcodeMantra
=040  \\$aUk$beng$cUk
=042  \\$aukblsr
=082  04$a791.4372$221
=100  1\$aSinclair, Iain.$1http://viaf.org/viaf/37065843$4http://rdaregistry.info/Elements/w/object/P10061
=240  10$aCrash : David Cronenberg's Post-mortem on J. G. Ballard's Trajectory of fate$1http://viaf.org/viaf/37065843/crash
=245  10$aCrash :$bDavid Cronenberg's post-mortem on J.G. Ballard's 'Trajectory of fate' /$cIain Sinclair.
=264  \1$aLondon :$bBritish Film Institute,$c2019.
=300  \\$a1 online resource (112 pages).
=336  \\$atext$2rdacontent$0http://rdaregistry.info/termList/RDAContentType/1020
=337  \\$acomputer$2rdamedia$0http://rdaregistry.info/termList/RDAMediaType/1003
=338  \\$aonline resource$2rdacarrier$0http://rdaregistry.info/termList/RDACarrierType/1018
=336  \\$atekst$0http://rdaregistry.info/termList/RDAContentType/1020
=337  \\$adatamaskin$0http://rdaregistry.info/termList/RDAMediaType/1003
=338  \\$aonline ressurs$0http://rdaregistry.info/termList/RDACarrierType/1018
=347  \\$adata file$2rda
=380  \\$aSpråkbasert verk$1https://schema.nb.no/Bibliographic/Values/V1000
=490  1\$aBFI modern classics
=505  00$g1.$tNovel as Audition Piece --$g2.$tLiquid Mirror: Ballard Dissolves to Cronenberg --$g3.$tThe Other Crash Films --$g4.$tCronenberg's Crash --$g5.$tWhite Nights on the Bauhaus Balcony --$g6.$tJ.G. Ballard and James Ballard --$g7.$tAtrocity Exhibitions --$g8.$tThe Trajectory of Fate.
=600  10$aCronenberg, David,$d1943-$xCriticism and interpretation.$1http://viaf.org/viaf/97752099
=600  17$aBallard, J. G. (James Graham),$d1930-$tCrash.$2ram$1http://viaf.org/viaf/305922109
=600  17$aCronenberg, David,$d1943-$2fast$0(OCoLC)fst00126742$1http://viaf.org/viaf/97752099
=600  17$aCronenberg, David,$d1943-$xCritique et interprétation.$2ram$1http://viaf.org/viaf/97752099
=630  00$aCrash (Motion picture : 1996)$1http://www.wikidata.org/entity/Q188000
=630  04$aCrash (Motion picture)$1http://www.wikidata.org/entity/Q188000
=630  07$aCrash (Ballard, J. G.)$2fast$0(OCoLC)fst01912881$$1http://viaf.org/viaf/305922109
=630  07$aCrash (Motion picture : 1996)$2fast$0(OCoLC)fst01394078$1http://www.wikidata.org/entity/Q188000
=630  07$aCrash <Film>$2swd$1http://www.wikidata.org/entity/Q188000
=650  17$aCrash (Cronenberg)$2gtt$1http://www.wikidata.org/entity/Q188000
=655  \7$aCriticism, interpretation, etc.$2fast$0(OCoLC)fst01411635
=710  2\$aBritish Film Institute.
=830  \0$aBFI modern classics.

