=LDR  00987nam a22002655  4500
=001  bimo0000401948
=003  SpMaBN
=005  20200515013033.6
=008  940427s1994\\\\sp\|\\\\\\\\\||||\||spa\\
=016  7\$abimoBNE19940121622$2SpMaBN
=017  \\$aB 1116-1994$bOficina Depósito Legal Barcelona
=020  \\$a84-450-7147-5
=040  \\$aSpMaBN$bspa$cSpMaBN$erdc
=041  1\$aspa$heng
=080  \\$a820-32"19"
=100  1\$aBallard, J. G.$d1930-2009$0XX1721261$1http://viaf.org/viaf/9842556$4http://rdaregistry.info/Elements/w/object/P10061
=240  14$aThe day of forever$lEspañol$1http://viaf.org/viaf/307992426
=245  13$aEl día eterno$h[Texto impreso]$cJ. G. Ballard ; [traducción, Aurora Bernárdez, Carlos Gardini y Marcial Souto]
=250  \\$a1ª ed.
=260  \\$aBarcelona$bMinotauro$c1994
=300  \\$a171 pages$c21 cm
=336  \\$atext$2rdacontent$0http://rdaregistry.info/termList/RDAContentType/1020
=337  \\$aunmediated$2rdamedia$0http://rdaregistry.info/termList/RDAMediaType/1007
=338  \\$avolume$2rdacarrier$0http://rdaregistry.info/termList/RDACarrierType/1049
=380  \\$aSpråkbasert verk$1https://schema.nb.no/Bibliographic/Values/V1000
=594  \\$aTraducción de: The day of forever
=700  1\$aBernárdez, Aurora$d1920-2014$4trl
=700  1\$aGardini, Carlos$d1948-$4trl
=700  1\$aSouto, Marcial$4trl$1https://isni.org/isni/0000000119351140

