=LDR  01256nam a2200301 c 4500
=001  949071587
=003  DE-101
=005  20171203004354.0
=007  tu
=008  961113s1996\\\\gw\|||||\||||\00||||ger\\
=015  \\$a97,A02,1185$2dnb
=016  7\$2DE-101$a949071587
=020  \\$a3442435749$ckart. : DM 12.00, S 88.00$93-442-43574-9
=020  \\$a9783442435746$ckart. : DM 12.00, S 88.00$9978-3-442-43574-6
=040  \\$a1240$bger$cDE-101$d9999
=041  \\$ager$heng
=044  \\$cXA-DE
=084  \\$a59$a810$a820$a830$a839$a840$a850$a860$a870$a880$a890$aB$qDE-101$2sdnb
=100  1\$0(DE-588)118656929$0https://d-nb.info/gnd/118656929$0(DE-101)118656929$aBallard, J. G.$d1930-2009$eVerfasser$4aut$2gnd$1http://viaf.org/viaf/9842556$4http://rdaregistry.info/Elements/w/object/P10061
=245  10$aCrash$bRoman$cJ. G. Ballard. Ins Dt. übertr. von Joachim Körber
=264  \1$aMünchen$bGoldmann$c1996
=300  \\$a250 S.$c18 cm
=336  \\$aText$btxt$2rdacontent$0http://rdaregistry.info/termList/RDAContentType/1020
=337  \\$aohne Hilfsmittel zu benutzen$bn$2rdamedia$0http://rdaregistry.info/termList/RDAMediaType/1007
=338  \\$aBand$bnc$2rdacarrier$0http://rdaregistry.info/termList/RDACarrierType/1049
=336  \\$atext$2rdacontent$0http://rdaregistry.info/termList/RDAContentType/1020
=337  \\$aunmediated$2rdamedia$0http://rdaregistry.info/termList/RDAMediaType/1007
=338  \\$avolume$2rdacarrier$0http://rdaregistry.info/termList/RDACarrierType/1049
=380  \\$aSpråkbasert verk$1https://schema.nb.no/Bibliographic/Values/V1000
=490  1\$aGoldmann$v43574
=700  12$aBallard, J. G.$d1930-2009$2gnd$tCrash$gdt.$1http://viaf.org/viaf/305922109
=700  1\$aKörber, Joachim$4trl$1http://viaf.org/viaf/37083705
=830  \0$aGoldmann$v43574$w(DE-101)01079042X$w(DE-600)135758-X$9543574$7as

