=LDR  00949nam a2200277 c 4500
=001  a5278720
=003  SpMaBN
=005  20191220022959.6
=008  121031s2012\\\\sp\\\\\|\||||\000\f\spa\\
=015  \\$aMON12
=017  \\$aB 21342-2012$bOficina Depósito Legal Barcelona
=020  \\$a978-84-9006-353-8
=040  \\$aSpMaBN$bspa$cSpMaBN$erdc
=041  1\$aspa$heng
=080  \\$a821.111-31"19"
=100  1\$aBallard, J. G.$d1930-2009$0XX1721261$1http://viaf.org/viaf/9842556$4http://rdaregistry.info/Elements/w/object/P10061
=240  10$aCrash$1http://viaf.org/viaf/305922109
=245  10$aCrash$cJ.G. Ballard ; traducción de Manuel Manzano
=250  \\$a1ª ed. en esta colección
=260  \\$aBarcelona$bRBA$c2012
=300  \\$a220 pages$c22 cm
=336  \\$aTexto (visual)$2isbdcontent$0http://rdaregistry.info/termList/RDAContentType/1020
=337  \\$asin mediación$2isbdmedia$0http://rdaregistry.info/termList/RDAMediaType/1007
=336  \\$atext$2rdacontent$0http://rdaregistry.info/termList/RDAContentType/1020
=337  \\$aunmediated$2rdamedia$0http://rdaregistry.info/termList/RDAMediaType/1007
=338  \\$avolume$2rdacarrier$0http://rdaregistry.info/termList/RDACarrierType/1049
=380  \\$aSpråkbasert verk$1https://schema.nb.no/Bibliographic/Values/V1000
=490  0\$aLiteratura fantástica
=594  \\$aTítulo del original en inglés: Crash
=700  1\$aManzano, Manuel$d1965-$4trl

