=LDR  04195cam a22005417a 4500
=001  16092580
=003  SE-LIBR
=005  20150522121842.0
=006  m\\\\\\\\d\|\\\\\\
=007  cr\|||\\\|||||\\\\\\\\\
=008  140311s2013\\\\xxu|||||o|||||000\||eng|c
=020  \\$a9781136224690$qelectronic bk.
=020  \\$z9780415806985 (print)
=040  \\$aAU-PeEL$beng$cAU-PeEL$dAU-PeEL$dGdig$ea
=041  \\$aeng
=050  \4$aPR478.S57 H36 2013
=082  00$a820.900914$223/swe
=100  1\$aHanson, Clare.$4aut$1http://viaf.org/viaf/51718292$4http://rdaregistry.info/Elements/w/object/P10061
=240  \\$aEugenics, literature, and culture in post-war Britain$1http://viaf.org/viaf/51718292/eugenics
=245  10$aEugenics, literature, and culture in post-war Britain$h[Elektronisk resurs] /$cClare Hanson.
=264  \1$aNew York :$bRoutledge,$c2013
=300  \\$a1 online resource (201 pages)
=336  \\$atekst$0http://rdaregistry.info/termList/RDAContentType/1020
=337  \\$adatamaskin$0http://rdaregistry.info/termList/RDAMediaType/1003
=338  \\$aonline ressurs$0http://rdaregistry.info/termList/RDACarrierType/1018
=347  \\$adata file$2rda
=380  \\$aSpråkbasert verk$1https://schema.nb.no/Bibliographic/Values/V1000
=490  1\$aRoutledge interdisciplinary perspectives on literature ;$v11
=500  \\$aDescription based upon print version of record.
=505  8\$aFront Cover; Eugenics, Literature and Culture in Post-war Britain; Copyright Page; Contents; List of Figures; Acknowledgements; Introduction; 1 Eugenics and the Meritocracy; 2 Defective Humans: Mental Deficiency in Post-war Britain; 3 Genetics and Eugenics; 4 Race and the Body Politic; 5 Population Control; 6 Afterword; Notes; Selected Bibliography; Index
=520  \\$aThis book explores eugenics in its wider social context and in literary representations in post-war Britain. Drawing on a wide range of sources in medicine, social and educational policy, genetics, popular science, science fiction, and literary texts, Hanson tracks the dynamic interactions between eugenic ideas across diverse cultural fields, demonstrating the strength of the eugenic imagination. Challenging assumptions that eugenics was fatally compromised by its association with Nazi atrocities, or that it petered out in the context of changed social attitudes in an egalitarian post-war society, the book demonstrates that eugenic thought not only persisted after 1945, but became more prominent. Throughout, eugenics is defined as a cultural movement, rather than more narrowly as a science, and the study is focused on its border-crossing capacity as a 'style of thought.' By tracing the expression of eugenic ideas across disciplinary boundaries and in both high and low culture, this book demonstrates the powerful and pervasive influence of eugenics in the post-war years. Authors visited include Raymond Williams, John Braine, Agatha Christie, Muriel Spark, Anthony Burgess, Doris Lessing, and J.G. Ballard.
=648  \7$a1945-$0https://id.kb.se/term/sao/1945-$2sao
=650  \0$aEugenics in literature
=650  \4$aBiopolitics - Great Britain - History - 20th century.
=650  \4$aBiopolitics -- Great Britain -- History -- 20th century.
=650  \4$aEnglish literature - 20th century - History and criticism.
=650  \4$aEnglish literature -- 20th century -- History and criticism.
=650  \4$aEugenics - Great Britain - History - 20th century.
=650  \4$aEugenics -- Great Britain -- History -- 20th century.
=650  \4$aEugenics in literature.
=650  \4$aLiterature and society - Great Britain - History - 20th century.
=650  \4$aLiterature and society -- Great Britain -- History -- 20th century.
=650  \7$aBiopolitik$xhistoria$2sao
=650  \7$aEngelsk litteratur$xhistoria$0https://id.kb.se/term/sao/Engelsk%20litteratur--historia$2sao
=650  \7$aEugenik i litteraturen$0https://id.kb.se/term/sao/Eugenik%20i%20litteraturen$2sao
=650  \7$aEugenik$xhistoria$2sao
=655  \4$aElectronic books.
=776  08$iPrint:$aHanson, Clare$tEugenics, Literature, and Culture in Post-war Britain$d2012$z9780415806985
=830  \0$aRoutledge interdisciplinary perspectives on literature ;$v11

