=LDR  04743nam a2200517 i 4500
=001  999920272832802201
=003  BIBSYS
=005  20170919005727.0
=006  m\\\\\o\\d\|\\\\\\
=007  cr\-n---------
=008  160625t20162016ne\ao\\\o\\\\\001\0\eng\d
=020  \\$a90-04-31207-2
=024  7\$a10.1163/9789004312074$2DOI
=040  \\$aMiAaPQ$beng$erda$epn$cMiAaPQ$dMiAaPQ
=041  \\$aeng
=050  \4$aPN55$b.N377 2016
=072  \7$aDSA$2bicssc
=072  \7$aLIT006000$2bisacsh
=082  0\$a809/.933561$223
=245  00$aNarrating life :$bexperiments with human and animal bodies in literature, science and art /$cedited by Stefan Herbrechter, Elisabeth Friis.
=264  \1$aLeiden, Netherlands ;$aBoston, Massachusetts :$bBrill,$c2016.
=264  \4$c©2016
=300  \\$a1 online resource (349 pages)
=336  \\$atext$btxt$0http://rdaregistry.info/termList/RDAContentType/1020
=337  \\$acomputer$bc$0http://rdaregistry.info/termList/RDAMediaType/1003
=338  \\$aonline resource$bcr$0http://rdaregistry.info/termList/RDACarrierType/1018
=347  \\$adata file$2rda
=380  \\$aSpråkbasert verk$1https://schema.nb.no/Bibliographic/Values/V1000
=490  0\$aExperimental Practices,$x1873-8788 ;$vVolume 1
=500  \\$aIncludes index.
=504  \\$aIncludes bibliographical references and index.
=505  00$tPreliminary Material /$rStefan Herbrechter and Elisabeth Friis -- $tNarrating(−)Life - In Lieu of an Introduction /$rStefan Herbrechter -- $tFrom Lives /$rDavid Wagner -- $tIn my Core I have the Strange Impression that I don't Belong to the Human Species: Clarice Lispector's Água viva as Life Writing? /$rElisabeth Friis -- $tSpecies Encounters: O. Butler Meets Haraway Meets Deleuze and Guattari /$rTom Idema -- $tSolid-State Fiction: J.G. Ballard and the Crystallization of Life /$rMoritz Ingwersen -- $tDissonance, Data, and dna: Aesthetics, Biopolitics and Transgenic Music in Richard Powers' Orfeo /$rCristina Iuli -- $t"Chromosomal Cuties", "Fembots", "Chatty Cyber Trio" or "Cantankerous Clones"? Lynn Hershman Leeson's Teknolust /$rTanja Nusser -- $tSubmarine Experiments with Human Lives by Christoph Ransmayr - A Waterman Narrates /$rManuela Rossini -- $tIn Toxicating Languages of Bioinformatic Circulation: Poetics and Other "Smallwork" in The Flame Alphabet /$rLaura Shackelford -- $tLife beyond 'Critique': Murakami after Latour /$rJeff Wallace -- $tAporias of Survival: Kafka's Alien Incursion /$rDominik Zechner -- $tThe Atlas of Man (If by Man We Also Mean Woman) /$rSteve Tomasula -- $tLinear Time and Revolutionary Time: Humans, Apes, and Temporality in Scientific and Literary Narratives /$rAmelie Björck -- $tEcolinguistic Activism: How and Why to Rite /$rAngela Rawlings -- $tDeath Writing - Toward a Bestiary of the Biological Real /$rDorion Sagan -- $tExperimenting with Bones /$rMarianne Sommer -- $tThe Sponge Diver or Bodies on the Seabed /$rAmalie Smith -- $tIndex /$rStefan Herbrechter and Elisabeth Friis.
=520  \\$aNarrating Life explores the relationship between literature, science and the arts and the way in which they are informed by the process of narrating life. More specifically, it asks: how do literature, science and the arts affect and are affected by the emergence of a critical culture of biopolitics and its rhetorical figurations? Its topicality for literary and cultural studies lies therefore in its exploration of the question: to what extent could narratives of life (or life-writing) be understood as a special practice through which to access the contemporary discussion about biopolitics with its strategies of immunity, mutation, and contagion. The individual contributions address these questions through focusing on new forms of life writing in traditional and new media, science writing and artistic and critical creative practice. In doing so, they also explore and redraw the boundaries between fictional and factual experimental practices. Contributors: Amelie Björck, Elisabeth Friis, Holly Henry, Stefan Herbrechter, Tom Idema, Moritz Ingwersen, Cristina Iuli, Tanja Nusser, Angela Rawlings, Manuela Rossini, Dorion Sagan, Laura Shackelford, Amalie Smith, Marianne Sommer, Steve Tomasula, David Wagner , Jeff Wallace, Dominik Zechner.
=546  \\$aEnglish
=588  \\$aDescription based on print version record.
=650  \0$aHuman body in literature.
=650  \0$aLife in literature.
=650  \0$aLiterature and science.
=650  \0$aScience in literature.
=650  \0$aScientific literature$xHistory and criticism.
=655  \4$aElectronic books.
=700  1\$aHerbrechter, Stefan,$eeditor.$4edt$4edc
=700  1\$aFriis, Elisabeth$eeditor.$4edt$4edc
=776  \\$z90-04-30259-X
=830  \0$aExperimental Practices$v1.

