=LDR  01355cam a22003257c 4500
=001  991307618934702201
=003  BIBSYS
=005  20150206120624.0
=007  ta
=008  150206s1974\\\\xx#|||||||||||000|f|eng|d
=020  \\$a0586038035$qh.
=040  \\$aNO-TrBIB$bnob$ekatreg
=245  00$aBest SF stories from New Worlds 8$ced. by Michael Moorcock
=260  \\$aSt. Albans, Herts$bPanther Books$c1974
=300  \\$a204 s.
=336  \\$atekst$0http://rdaregistry.info/termList/RDAContentType/1020
=337  \\$auformidlet$0http://rdaregistry.info/termList/RDAMediaType/1007
=338  \\$abind$0http://rdaregistry.info/termList/RDACarrierType/1049
=380  \\$aSpråkbasert verk$1https://schema.nb.no/Bibliographic/Values/V1000
=490  1\$aBest SF stories from New Worlds$v8
=655  \7$ascience fiction$2noubonm
=700  1\$aBailey, Hilary.$4ctb$0(NO-TrBIB)90062716$4ctb
=700  1\$aBallard, J.G.$d1930-2009$4ctb$0(NO-TrBIB)90199005$4ctb$1http://viaf.org/viaf/9842556
=700  1\$aBayley, Barrington.$4ctb$0(NO-TrBIB)13013764$4ctb
=700  1\$aBrunner, John$d1934-1995$0(NO-TrBIB)90763497$4ctb$1http://viaf.org/viaf/103212466
=700  1\$aCharnock, Graham.$4ctb$0(NO-TrBIB)13013776$4ctb
=700  1\$aEllison, Harlan$d1934-$4ctb$0(NO-TrBIB)5015711$4ctb
=700  1\$aHarrison, M. John$d1945-$4ctb$0(NO-TrBIB)90175031$4ctb
=700  1\$aMoorcock, Michael$d1939-$4ctb$0(NO-TrBIB)90226506$4ctb
=830  \0$aBest SF stories from New Worlds$v8

