=LDR  03931nam a2200409 i 4500
=001  019229217
=003  Uk
=005  20190213145019.0
=008  170711s2017\\\\ilu\\\\\\b\\\s001\0\eng\\
=010  \\$a  2017017824
=020  \\$a9780252041433$q(hardback : acid-free paper)
=020  \\$a9780252082955$q(paperback)
=020  \\$z9780252050039 (e-book)
=040  \\$aDLC$beng$cDLC$dDLC$dUk$erda
=042  \\$aukblcatcopy
=043  \\$ae-uk-en
=050  00$aPR6052.A46$bZ94 2017
=082  00$a823/.914$223
=084  \\$aLIT004260$aBIO007000$2bisacsh
=100  1\$aWilson, D. Harlan$4aut$1http://viaf.org/viaf/162176817$4http://rdaregistry.info/Elements/w/object/P10061
=240  \\$aJ. G. Ballard$1http://viaf.org/viaf/162176817/jgballard
=245  10$aJ. G. Ballard /$cD. Harlan Wilson.
=264  \1$aUrbana :$bUniversity of Illinois Press,$c2017.
=300  \\$ax, 197 pages ;$c24 cm.
=336  \\$atext$btxt$2rdacontent$0http://rdaregistry.info/termList/RDAContentType/1020
=337  \\$aunmediated$bn$2rdamedia$0http://rdaregistry.info/termList/RDAMediaType/1007
=338  \\$avolume$bnc$2rdacarrier$0http://rdaregistry.info/termList/RDACarrierType/1049
=490  0\$aModern masters of science fiction
=504  \\$aIncludes bibliographical references and index.
=520  \\$a"In a long and productive career J. G. Ballard (1930-2009) achieved his greatest fame late in life when two of his novels, Crash (1973) and Empire of the Sun (1984) were made into acclaimed and award winning films. But he made his start as a science fiction writer, and throughout his life kept returning to sf genres, tweaking and reinventing them, often with a dystopian cast. The Drowned World (1962) is set in a future that eerily foresaw possible consequences of global warming, with London underwater. The Drought (1965) portrays a desertified earth. The Crystal World (1966) imagines the jungles of Africa attacked by a disease that leads them to take in too many minerals, petrifying them, and the disease spreads from species to species. In these and other novels his main attention has been to how different characters deal with disasters that cannot be overcome. He was declared to be "the voice" of New Wave sf by his famous editor, Michael Moorcock, and is widely honored for his psychological exploration of people under extreme stress. In his concrete trilogy--Crash (1973), Concrete Island (1974), and High-Rise (1975)--Ballard took on another major sf theme: technology and human dependence upon it. Again his palette was dark and his plots combustible"--$cProvided by publisher.
=520  \\$a"Prophetic short stories and apocalyptic novels like The Crystal World made J. G. Ballard a foundational figure in the British New Wave. Rejecting the science fiction of rockets and aliens, he explored an inner space of humanity informed by psychiatry and biology and shaped by Surrealism. Later in his career, Ballard's combustible plots and violent imagery spurred controversy--even legal action--while his autobiographical 1984 war novel Empire of the Sun brought him fame. D. Harlan Wilson offers the first career-spanning analysis of an author who helped steer SF in new, if startling, directions. Here was a writer committed to moral ambiguity, one who drowned the world and erected a London high-rise doomed to descend into savagery--and coolly picked apart the characters trapped within each story. Wilson also examines Ballard's methods, his influence on cyberpunk, and the ways his fiction operates within the sphere of our larger culture and within SF itself"--$cProvided by publisher.
=530  \\$aAlso published electronically.
=600  10$aBallard, J. G.$d1930-2009$xCriticism and interpretation.$1http://viaf.org/viaf/9842556
=650  \0$aScience fiction, English$xHistory and criticism.
=650  \7$aBIOGRAPHY & AUTOBIOGRAPHY / Literary.$2bisacsh
=650  \7$aLITERARY CRITICISM / Science Fiction & Fantasy.$2bisacsh
=776  08$iOnline version:$aWilson, D. Harlan$tJ. G. Ballard$w(DLC) 2017033297$dUrbana : University of Illinois Press, 2017$z9780252050039

