=LDR  01910cam a22002893a 4500
=001  14700725
=003  SE-LIBR
=005  20181030230000.0
=008  130910t20122005nyu||||e||||||000\j|eng|c
=020  \\$a9780715641576
=020  \\$a9781590207277
=040  \\$aWLB$beng$cWLB$dLa$ea
=041  \\$aeng
=082  04$a813.0108$222 (machine generated)
=084  \\$aHeq.016(s)$2kssb/8
=245  14$aThe garden of reading :$bcontemporary short fiction about gardens and gardeners /$cedited by Michele Slung.
=264  \1$aNew York :$bOverlook Duckworth,$c2012, c2005.
=264  \1$c2012
=300  \\$a270 pages$c20 cm.
=336  \\$atext$2rdacontent$0http://rdaregistry.info/termList/RDAContentType/1020
=337  \\$aunmediated$2rdamedia$0http://rdaregistry.info/termList/RDAMediaType/1007
=338  \\$avolume$2rdacarrier$0http://rdaregistry.info/termList/RDACarrierType/1049
=380  \\$aSpråkbasert verk$1https://schema.nb.no/Bibliographic/Values/V1000
=500  \\$aFirst published in 2005.
=520  \\$aShort Stories. The perfect book for the literary garderner, including works by Garrison Keillor, James Thurber, Stephen King, and Doris LessingMichele Slung has collected an enchantingly rich bouquet of captivating, memorable, and frequently surprising stories about gardening. Eudora Welty, James Thurber, Doris Lessing, Lisa St. Aubin, Saki, V.S. Prichett, Colette, and Robert Graves are included, along with unexpected finds from Stephen King, J.G. Ballard, Sandra Cisneros, Jane Smiley, and Garrison Keillor, among others. The gardens featured in these stories are both cultivated and wild, while the gardeners can be lethal, lazy, rueful, or philandering. There are moments of nearly overpowering sensuousness, and there are moments of tenderness that will touch your heart.Whether you've nurtured a solitary houseplant on a windowsill, acres of glorious blooming flowerbeds, or simply a bright gleam of imagination, The Garden of Reading will remind you of the magic and wonder of the world around us.
=650  \0$aGardens
=650  \0$aGardens$vFiction.
=650  \7$aTrädgårdar$0https://id.kb.se/term/sao/Tr%C3%A4dg%C3%A5rdar$2sao
=653  \\$5La$aSkönlitteratur
=655  \7$aShort stories.$2gsafd.
=700  1\$aSlung, Michele B.,$d1947-$4edt$4edc

