=LDR  03270cam a22004218i 4500
=001  22395332
=003  LC
=005  20220310130007.0
=006  m\\\\|o\\d\|\\\\\
=007  cr_|||||||||||
=008  220119s2022\\\\mdu\\\\\ob\\\\001\0\eng\\
=010  \\$a  2022001942
=020  \\$a9781666901825$q(ebook)
=020  \\$z9781666901818$q(cloth)
=040  \\$aDLC$beng$cDLC$erda$dDLC
=042  \\$apcc
=050  00$aPN56.B56
=082  00$a809/.933628$223/eng/20220124
=245  00$aAvian aesthetics in literature and culture :$bbirds and humans in the popular imagination /$cedited by Danette DiMarco and Timothy Ruppert.
=263  \\$a2204
=264  \1$aLanham :$bLexington Books,$c[2022]
=300  \\$a1 online resource
=336  \\$atext$btxt$2rdacontent$0http://rdaregistry.info/termList/RDAContentType/1020
=337  \\$acomputer$bc$2rdamedia$0http://rdaregistry.info/termList/RDAMediaType/1003
=338  \\$aonline resource$bcr$2rdacarrier$0http://rdaregistry.info/termList/RDACarrierType/1018
=347  \\$adata file$2rda
=490  0\$aEcocritical theory and practice
=504  \\$aIncludes bibliographical references and index.
=505  0\$aSection 1: The Avian-ness of Aesthetics -- Birdwatching and Wordwatching: The Avian Aesthetics of Virginia Woolf's Mrs Dalloway / Jemma Deer -- Birds as Character, Motif, Allusion, and Symbol in Meir Shalev's A Pigeon and a Boy / Laura Major -- "With An Aviary Inside Its Head": Surrealist Sensibilities and Avian Ontologies in the Work of J. G. Ballard and Ted Hughes / Declan Lloyd -- The Optimism of Flight: Magical Realism in Little Nemo in Slumberland / Mark O'Connor -- Section 2: Writing About/Like Birds -- The Fate of Birds in Anatole France's Penguin Island / Timothy Ruppert -- Of Curlews and Crows: Representations of Avian Cognition in North American Animal Stories / Jennifer Schell -- What is it like to write (like) a bird?: Rethinking Literary Practice to Support Avian Subjectivity / Joshua Lobb -- Margaret Atwood's Bird Narratives / Danette DiMarco -- Section 3: Entangled Worlds -- The Peregrine: At the Intersection of Ecocriticism and New Nature Writing / Debarati Bandyopadhyay -- Helen Macdonald, T. H. White, and Hawks: H is [also] for History / Louis J. Boyle -- Across So Wide a Sea: Humans, Seabirds, and the Kinship of Mortality / Keri Stevenson -- Collisions in Contemporary American Poetry / Calista McRae -- Section 4: Consumers Consuming Birds -- "Their Little Brethren of the Air": Rhetoric of Youth Birding in the United States, 1890s-Present / Laura McGrath -- Birds Aren't Real: Narrative and Aesthetic Irony in For-Profit Conspiracy / Lauren Shoemaker -- Laying Eggs: Ludothematic Resonance and the Birds of Wingspan / Christopher Moore.
=520  \\$a"Avian Aesthetics in Literature and Culture challenges species centrism through essays that bridge various environment-focused perspectives and methodologies"--$cProvided by publisher.
=588  \\$aDescription based on print version record and CIP data provided by publisher; resource not viewed.
=650  \0$aBirds in literature.
=650  \0$aHuman-animal relationships.
=650  \0$aNature (Aesthetics)
=655  \7$aEssays.$2lcgft
=655  \7$aLiterary criticism.$2lcgft
=700  1\$aDiMarco, Danette,$eeditor.$4edt
=700  1\$aRuppert, Timothy,$d1969-$eeditor.$4edt
=776  08$iPrint version:$tAvian aesthetics in literature and culture$dLanham : Lexington Books, [2022]$z9781666901818$w(DLC) 2022001941

