=LDR  02429cam a2200265 i 4500
=001  20497066
=003  LC
=005  20180601135838.0
=008  171117s2018\\\\cau\\\\\\\\\\\000\1\eng\c
=010  \\$a  2017049970
=020  \\$a9781684124220 (softcover)
=040  \\$aLBSOR/DLC$beng$cLBSOR$erda$dDLC
=042  \\$apcc
=050  00$aPN6071.W75$bC55 2018
=082  00$a808.8/03584053$223
=245  00$aClassic stories of World War II.
=264  \1$aSan Diego, CA :$bWord Cloud Classics,$c[2018]
=300  \\$a256 pages ;$c20 cm
=336  \\$atext$btxt$2rdacontent$0http://rdaregistry.info/termList/RDAContentType/1020
=337  \\$aunmediated$bn$2rdamedia$0http://rdaregistry.info/termList/RDAMediaType/1007
=338  \\$avolume$bnc$2rdacarrier$0http://rdaregistry.info/termList/RDACarrierType/1049
=380  \\$aFiction
=505  0\$aA perfect morning (from The Young Lions) / Irwin Shaw -- Lunghua camp (from Empire of the Sun) / J. G. Ballard -- The big day (from From Here to Eternity) / James Jones -- The landing on Kuralei (from Tales of the South Pacific) / James A. Michener -- Shall live for a ghost? (from The Last Enemy) / Richard Hillary -- Billy Pilgrim (from Slaughterhouse Five) / Kurt Vonnegut -- Battalion in defence (from Officers and Gentlemen) / Evelyn Waugh -- Anopopei (from The Naked and the Dead) / Norman Mailer -- Some were unlucky (from Enemy Coast Ahead) / Guy Gibson, VC -- Major major major major (from Catch-22) / Joseph Heller -- The invasion of Papua (from Retreat from Kokoda) / Raymond Paull -- Stalingrad : the story of the battle (from Stalingrad : Point of Return) / Ronald Seth -- The White Mouse and the Maquis d'Auvergne (from The White Mouse) / Nancy Wake -- The invaders (from The Moon is Down) / John Steinbeck -- The blooding of the compass rose (from The Cruel Sea) / Nicholas Monsarrat -- Hiroshima : the fire (from Hiroshima / John Hersey.
=520  \\$a"World War II brought grief and destruction, but it also inspired some of the most impassioned literature in history. Classic Stories of World War II includes excerpts from novels such as James Jones's From Here to Eternity and Joseph Heller's Catch-22, as well as real-life accounts of the Battle of Britain by Guy Gibson and the exploits of the French Resistance by Nancy Wake. More than a dozen riveting stories of the war from esteemed authors are featured, providing the reader with a rich variety of perspectives that will bring a new understanding of this global conflict"--$cProvided by publisher.
=650  \0$aWorld War, 1939-1945$vLiterary collections.
=650  \0$aWorld War, 1939-1945$vPersonal narratives.

