=LDR  03344cam a2200277 a 4500
=001  13766087
=003  LC
=005  20081112171843.0
=008  041029s2005\\\\mau\\\\\\b\\\\001\0\eng\\
=010  \\$a  2004025185
=016  7\$a013106313$2Uk
=020  \\$a1405112182 (acid-free paper)
=035  \\$a(OCoLC)ocm56924865
=040  \\$aDLC$cDLC$dUKM$dBWKUK$dBAKER$dPGC$dVP@$dDLC
=050  00$aPN3433.5$b.C73 2005
=082  00$a809.3/8762$222
=245  02$aA companion to science fiction /$cedited by David Seed.
=260  \\$aMalden, MA :$bBlackwell Pub.,$c2005.
=300  \\$axvi, 612 pages ;$c26 cm.
=336  \\$atext$2rdacontent$0http://rdaregistry.info/termList/RDAContentType/1020
=337  \\$aunmediated$2rdamedia$0http://rdaregistry.info/termList/RDAMediaType/1007
=338  \\$avolume$2rdacarrier$0http://rdaregistry.info/termList/RDACarrierType/1049
=380  \\$aSpråkbasert verk$1https://schema.nb.no/Bibliographic/Values/V1000
=440  \0$aBlackwell companions to literature and culture ;$v34
=504  \\$aIncludes bibliographical references and index.
=505  0\$aIntroduction : Approaching science fiction -- pt. I. Surveying the field.  Hard reading : the hard reading : the challenges of science fiction / Tom Shippey -- The origins of science fiction / George Slusser -- Science fiction/criticism / Istvan Csicsery-Ronay, Jr. -- Science-fiction magazines : the crucibles of change / MIke Ashley -- pt. II. Topics and debates.  Utopia / Phillip E. Wegner -- Science, fiction and religion / Stephen R.L. Clark -- "Monsters of the imagination" : Gothic,science, fiction / Fred Botting -- Science fiction and ecology / Brian Stableford -- Feminist fabulation / Marleen S. Barr -- Time and identity in feminist science fiction / Jenny Wolmark -- Science fiction and the Cold War / M. Keith Booker -- pt. III. Genres and movements.  Hard science fiction / Gary Westfahl -- The new wave / Rob Latham -- Cyberpunk / Mark Bould -- Science fiction and postmodernism / Veronica Hollinger -- The renewal of "hard" science fiction / Donald M. Hassler -- pt. IV. Science fiction film.  American science fiction film : an overview / Vivian Sobchack -- Figurations of the cyborg in contemporary science fiction novels and fiction / Christine Cornea -- British television science fiction / Peter Wright -- pt. V. The international scene.  Canadian science fiction / Douglas Barbour -- Japanese and Asian science fiction / Takayuki Tatsumi -- Australian science fiction / Van Ikin and Sean McMullen --
=505  0\$apt. VI. Key writers.  The grandeur of H.G. Wells / Robert Crossley -- Isaac Asimov / John Clute -- John Wyndham : the facts of life sextet / David Ketterer -- Philip Dick / Christopher Palmer -- Samuel Delaney : a biographical and critical overview / Carl Freedman -- Ursula K. Le Guin /  Warren G. Rochelle -- Gwyneth Jones anxietiesanxities of science fiction / Andy Sawyer -- Arthur C. Clarke / Edward James -- Greg Egan / Russell Blackford -- pt. VII. Readings.  Mary Shelley : Frankenstein : or, the modern Prometheus / Susan E. Lederer and Richard M. Ratzan -- Charlotte Perkins Gilman : Herland / Jill Rudd -- Aldous Huxley : Brave new world / David Seed -- Ray Bradbury : Fahrenheit 451 / Brian Baker -- Joanna Russ : The female man / Jeanne Cortiel -- J.G. Ballard : Crash / Roger Luckhurst -- Margaret Atwood : The handmaid's tale / Faye Hammill -- William Gibson : Neuromancer / Andrew M. Butler -- Kim Stanley Robinson : Mars trilogy / Carol Franko -- Iain M. Banks : Excession / Farah Mendlesohn.
=650  \0$aScience fiction$xHistory and criticism.
=700  1\$aSeed, David.$4edc$e4dt
=856  41$3Table of contents$uhttp://www.loc.gov/catdir/toc/ecip053/2004025185.html

