=LDR  01093cam a2200229 a 4500
=001  1958324
=003  LC
=005  20021015084124.0
=008  871124s1980\\\\enk\\\\\\\\\\\000\1\eng\\
=010  \\$a   87205519 
=020  \\$a0575028386
=035  \\$9(DLC)   87205519
=040  \\$aDLC$cDLC$dDLC
=050  00$aPR1309.S3$bC66 1980
=082  00$a813/.0876/08$219
=245  00$aConstellations :$bstories of the future /$cedited by Malcolm Edwards.
=260  \\$aLondon :$bV. Gollancz,$c1980.
=300  \\$a188 pages ;$c21 cm.
=336  \\$atext$2rdacontent$0http://rdaregistry.info/termList/RDAContentType/1020
=337  \\$aunmediated$2rdamedia$0http://rdaregistry.info/termList/RDAMediaType/1007
=338  \\$avolume$2rdacarrier$0http://rdaregistry.info/termList/RDACarrierType/1049
=380  \\$aSpråkbasert verk$1https://schema.nb.no/Bibliographic/Values/V1000
=505  0\$aLight of other days / Bob Shaw -- A pail of air / Fritz Leiber -- Beyond lies the wub / Philip K. Dick -- Let's go to Golgotha / Garry Kilworth -- Of mist, and grass, and sand / Vonda N. McIntyre -- Harrison Bergeron / Kurt Vonnegut, Jr. -- Rescue operation / Harry Harrison -- It's a good life / Jerome Bixby -- Mister da V / Kit Reed -- Billennium / J.G. Ballard -- The store of the worlds / Robert Sheckley -- The wind from the sun / Arthur C. Clarke.
=650  \0$aScience fiction, American.
=650  \0$aScience fiction, English.
=700  1\$aEdwards, Malcolm,$d1949-$4edt$edc
=700  02$aShaw, Bob$tLight of other days
=700  02$aLeiber, Fritz$tA pail of air
=700  02$aDick, Philip K.$tBeyond lies the wub
=700  02$aKilworth, Garry$tLet's go to Golgotha
=700  02$aMcIntyre, Vonda N.$tOf mist, and grass, and sand
=700  02$aKurt Vonnegut, Jr.$tHarrison Bergeron
=700  02$aHarrison, Harry$tRescue operation
=700  02$aBixby, Jerome$tIt's a good life
=700  02$aReed, Kit$tMister da V
=700  02$aBallard, J. G.$d1930-2009$tBillennium
=700  02$aSheckley, Robert$tThe store of the worlds
=700  02$aClarke, Arthur C.$tThe wind from the sun

