=LDR  03026cam a2200421 a 4500
=001  16895088
=003  LC
=005  20111215164843.0
=008  110729s2011\\\\enka\\\\\b\\\\001\0\eng\d
=010  \\$a  2011453815
=015  \\$aGBB078604$2bnb
=016  7\$a015589364$2Uk
=020  \\$a0826432352 (hbk.)
=020  \\$a9780826432353 (hbk.)
=035  \\$a(OCoLC)ocn645702334
=040  \\$aUKM$cUKM$dBWX$dU5D$dPIT$dYDXCP$dFDA$dBTCTA$dBWK$dCDX$dUV0$dDLC
=042  \\$alccopycat
=043  \\$an-us---$ae-uk---
=050  00$aPN56.C7$bC75 2011
=082  04$a813.0093556$222
=245  00$aCrime culture :$bfiguring criminality in fiction and film /$cedited by Bran Nicol, Eugene McNulty and Patricia Pulham.
=260  \\$aLondon ;$aNew York :$bContinuum,$c2011.
=300  \\$ax, 237 pages :$billustrations ;$c24 cm.
=336  \\$atext$2rdacontent$0http://rdaregistry.info/termList/RDAContentType/1020
=337  \\$aunmediated$2rdamedia$0http://rdaregistry.info/termList/RDAMediaType/1007
=338  \\$avolume$2rdacarrier$0http://rdaregistry.info/termList/RDACarrierType/1049
=380  \\$aSpråkbasert verk$1https://schema.nb.no/Bibliographic/Values/V1000
=490  1\$aContinuum literary studies
=504  \\$aIncludes bibliographical references (p. [210]-227) and index.
=505  00$tCrime culture and modernity /$rBran Nicol, Patricia Pulham and Eugene McNulty --$tBreaking boundaries :$tgames, art and the image. Playing dead :$tcrime as a social system /$rMark Seltzer ; Psychopathology as a game :$tJ.G. Ballard and conceptual crime /$rBenjamin Noys ; Crime, abjection, transgression and the image /$rJohn Lechte --$tRevisiting noir. The female side of crime :$tfilm noir's Femme fatale and the dark side of modernity /$rElisabeth Bronfen ; Post-war American noir :$tconfronting Fordism /$rAndrew Pepper --$tVixens and victims :$tcriminal femininities. Dead dolls and deadly dames :$tthe cover girls of American true crime publishing /$rLee Horsley ; Contemporary African American women's crime and mystery novels /$rLinden Peach --$tAngels of death :$tcriminal masculinities. Killer boys :$tmale friendship and criminality in The butcher boy, elephant and boy a /$rPáraic Finnerty ; The angel of death :$ttargeting the hitman /$rAndrew Spicer --$tReading the criminal other. Risk management :$tFrank Abagnale, Jr. and the shadowing of pleasure /$rChristopher P. Wilson ; "Police they neighbour" :$tcrime culture and the Rear window paradigm /$rBran Nicol.
=520  8\$aExploring crime in works which are not usually associated with crime genres, this work breathes new life into staple themes in crime fiction/cinema such as gender, the body and the city, and offers analyses of new elements such as the mythology of the hitman and the cultural impact of 'senseless' murders.
=650  \0$aAmerican fiction$y20th century$xHistory and criticism.
=650  \0$aAmerican fiction$y21st century$xHistory and criticism.
=650  \0$aCrime films$zGreat Britain$xHistory and criticism.
=650  \0$aCrime films$zUnited States$xHistory and criticism.
=650  \0$aCrime in literature.
=650  \0$aEnglish fiction$y20th century$xHistory and criticism.
=650  \0$aEnglish fiction$y21st century$xHistory and criticism.
=700  1\$aMcNulty, Eugene.$4edt$edc
=700  1\$aNicol, Bran,$d1969-$4edt$edc
=700  1\$aPulham, Patricia,$d1959-$4edt$edc
=830  \0$aContinuum literary studies.

