=LDR  02520cam a22003855i 4500
=001  21847053
=003  LC
=005  20201217131039.0
=008  201217t20202020uy\\\\\\\\\\\\000\jdspa\d
=010  \\$a  2020344488
=020  \\$a9789974909199
=020  \\$a9974909198
=035  \\$a(OCoLC)on1201541027
=040  \\$aGUA$beng$cGUA$erda$dMNU$dOCLCF$dOCLCO$dDLC
=042  \\$alccopycat
=043  \\$as-uy---
=097  00$aPQ8518$b.C8367 2020
=245  00$aCuentos de la peste /$cGustavo Alzugaray [and 26 others].
=250  \\$a1a. ed.
=264  \1$aMontevideo, Uruguay :$bEditorial Fin de Siglo, 2020.
=264  \4$c©2020
=300  \\$a265 pages ;$c21 cm.
=336  \\$atext$btxt$2rdacontent$0http://rdaregistry.info/termList/RDAContentType/1020
=337  \\$aunmediated$bn$2rdamedia$0http://rdaregistry.info/termList/RDAMediaType/1007
=338  \\$avolume$bnc$2rdacarrier$0http://rdaregistry.info/termList/RDACarrierType/1049
=380  \\$aShort story
=490  1\$aColección ñ
=505  00$tBolívar Baladán /$rGustavo Alzugaray --$tR. I. P. Fogwill /$rJosé Arenas --$tInvasiones /$rGonzalo Baz --$tTakeshi /$rCarolina Bello --$tLa gran quemazón de chanchos /$rMartín Bentancor --$tLas islas Gemelas /$rJuan de Dios Caballero --$tDoña Helen /$rSusana Cabrera --$tRegreso a casa /$rJorge Chagas --$tCola de seda antigua /$rMarcia Collazo --$tLos acontecimientos según Marian /$rCarolina Cynovich --$tLatido /$rAndrea di Candia --$tEl río robado /$rCésar di Candia --$tMarcado /$rLuis Do Santos --$tLas muñecas del señor Izumi /$rPablo Dobrinin --$tLucidez /$rNatalia Fernández Coscia --$tStrogonoff /$rJuan Grompone --$tVecino poeta /$rMartín Lasalt --$tHacer que el tiempo pase /$rCarlos Liscano --$t1988/2020 /$rNatalia Mardero --$tDos por día, o Tratado sobre un cuento que saltó por la ventana /$rFabián Muniz --$tLos viajes empiezan después que uno llega /$rDiego Recoba --$tAcá no había babosas /$rCecilia Ríos --$tEl silencio de tanto tiempo /$rMercedes Rosende --$tAlgo supuestamente divertido que no volveré a hacer ;$tPor J. G. Ballard (fragmento) /$rRamiro Sanchiz --$tLos últimos /$rRodolfo Santullo --$tA la manera casi clásica /$rAna Solari --$tUna salida normal /$rFernando Villalba.
=520  \\$a"27 authors, 27 readings for times of a new (a)normality"--Publisher's website.
=648  \7$a2000-2099$2fast
=650  \0$aCOVID-19 (Disease)$vFiction.
=650  \0$aShort stories, Uruguayan$y21st century.
=650  \7$aCOVID-19 (Disease)$2fast$0(OCoLC)fst01984643
=650  \7$aShort stories, Uruguayan.$2fast$0(OCoLC)fst01117423
=655  \7$aFiction.$2fast$0(OCoLC)fst01423787
=830  \0$aColección ñ (Editorial Fin de Siglo)

