=LDR  06217cam a22004575i 4500
=001  21742546
=003  LC
=005  20220209140932.0
=008  201002s2021\\\\caua\\\\\b\\\\001\0\eng\d
=010  \\$a  2020947296
=015  \\$aGBC1E5111$2bnb
=016  7\$a020312139$2Uk
=020  \\$a1629638838$qpaperback
=020  \\$a162963932X$qhardcover
=020  \\$a9781629638836$qpaperback
=020  \\$a9781629639321$qhardcover
=020  \\$z9781629639024$qelectronic publication
=035  \\$a(OCoLC)on1268131153
=040  \\$aUKMGB$beng$cUKMGB$erda$dOCLCO$dUKMGB$dOCLCF$dMNG$dTXA$dCDS$dYDX$dOCLCO$dOCL$dYDX$dDLC
=042  \\$alccopycat
=082  04$a809.3876209045$223
=097  00$aPN3433.6$b.D36 2021
=245  00$aDangerous visions and new worlds :$bradical science fiction, 1950 to 1985  /$cedited by Andrew Nette and Iain McIntyre.
=264  \1$aOakland, CA :$bPM Press,$c[2021]
=300  \\$a216 pages :$bchiefly color illustrations ;$c26 cm
=336  \\$atext$btxt$2rdacontent$0http://rdaregistry.info/termList/RDAContentType/1020
=337  \\$aunmediated$bn$2rdamedia$0http://rdaregistry.info/termList/RDAMediaType/1007
=338  \\$avolume$bnc$2rdacarrier$0http://rdaregistry.info/termList/RDACarrierType/1049
=504  \\$aIncludes bibliographical references and index.
=505  00$tDangerous Visions and New Worlds : An Introduction /$rIain McIntyre and Andrew Nette --$tImagining New Worlds : Sci-Fi and the Vietnam War /$rRjurik Davidson --$tSextrapolation in New Wave Science Fiction /$rRob Latham --$tRadioactive Nightmares : Nuclear War in Science Fiction /$rAndrew Nette --$tOn Earth the Air Is Free : The Feminist Science Fiction of Judith Merril /$rKat Clay --$tWomen and Children First! John Wyndham and Second-Wave Feminism /$rDavid Curcio --$tBursting through the Boundaries : New Worlds Magazine /$rIain McIntyre --$tVast Active Living (Possibly) Insane System : Paranoia and Anti authoritarianism in the Work of Philip K. Dick /$rErica L. Satifka --$tFlying Saucers and Black Power : Joseph Denis Jackson's 1967 Insurrectionist Novel The Black Commandos /$rIain McIntyre --$tDoomwatchers : Calamity and Catastrophe in UK Television Novelizations /$rIain McIntyre --$tThe Energy Exhibition : Radical Science Fiction in the 1960s /$rHicolas Tredell --$t"We change-and the whole world changes" : Samuel R. Delany's Heavenly Breakfast in Context /$rDaniel Shank Cruz --$tFlawed Ancients, New Gods, and Interstellar Missionaries : Religion in Postwar SF /$rIain McIntyre --$tSpeculative Fuckbooks : The Brief Life of Essex House, 1968-1969 /$rRebecca Baumann --$tGod Does, Perhaps? The Unlikely New Wave SF of R.A. Lafferty /$rNick Mamatas --$tThe Tasty Worlds of Jerry Cornelius /$rAndrew Nette --$tHank Lopez's Afro-6 /$rBrian Greene --$t"The Hell with Heroes" : Rebellion and Responsibility in Roger Zelazny's Damnation Alley /$rKelly Roberts --$tEco-Death : Catastrophe and Survival in 1960s and 1970s Science Fiction/$rIain McIntyre --$tStepford Wives and Supercomputers The Science Fiction of Ira Levin /$rAndrew Nette --$t"Houston, we've had a problem" : Technology, Mental Breakdown and the Science Fiction of Barry Malzberg /$rAndrew Nette --$tThe Stars My Destination : The Future According to Gay Adult Science Fiction Novels of the 1970s /$rMaitland McDonagh --$tHigher than a Rocket Ship: Drugs in SF /$rIain McIntyre --$tFreedom in the Mind  : Louise Lawrence's Andra /$rAndrew Nette --$tMick Farren : Fomenting the Rock Apocalypse /$rMike Stax --$tGreen Deaths and Time Warriors : Doctor Who Serials and Novelizations in the 1970s /$rIain McIntyre --$tA New Wave in the East : The Strugatsky Brothers and Radical Sci-fi in Soviet Russia /$rScott Adlerberg --$tThe Future Is Going to Be Boring : The SF Present of J.G. Ballard /$rCameron Ashley --$tBy Any Means Necessary : Revolution and Rebellion in 1960s and 1970s Science Fiction /$rAndrew Nette --$tPerformative Gender and SF : The Strange but True Case of Alice Sheldon and James Tiptree Jr. /$rLucy Sussex --$tComing of Age between Apocalypses : Young Adult Fiction and the End of the World /$rMolly Grattan --$tCrowded Worlds and False Dawns : 1970s Dystopian Science Fiction /$rAndrew Nette --$tCosmic Bond, Super Lover : William Bloom's Qhe! Series /$rIain McIntyre --$tFeminist Future:  Time Travel in Marge Piercy's Woman on the Edge of Time /$rKirsten Bussiere --$tWho Are the Beasts? Animals in Science Fiction /$rAndrew Nette --$tThe Moons of Le Guin and Heinlein /$rDonna Glee Williams --$tBlack Star: The Life and Work of Octavia Butler /$rMichael A. Gonzales --$tHerland: The Women's Press and Science Fiction /$rIain McIntyre.
=520  \\$aIn the period of major social change that spanned the 1950s through the 1970s, science fiction became an ideal vessel to illustrate a multifaceted upsurge of radical protest, with its focus on speculation, alternate worlds, and the future. Dangerous Visions and New Worlds details, celebrates, and evaluates how science fiction novels and authors depicted, interacted with, and were inspired by these cultural and political movements in America and Great Britain. It starts with progressive authors who rose to prominence in the conservative 1950s, challenging the era's narratives of technological breakthroughs and space-conquering male heroes, then moves through the 1960s, when authors shattered existing writing conventions and incorporated contemporary themes such as modern mass media culture, corporate control, state surveillance, the Vietnam War, and rising currents of counterculture, ecological awareness, feminism, sexual liberation, and Black Power. The 1970s, when the genre reflected the end of various dreams of the "long Sixties," is also explored along with the first half of the 1980s, which gave rise to new subgenres. --$cProvided by publisher.
=650  \0$aRadicalism in literature.
=650  \0$aScience fiction$xHistory and criticism$y20th century.
=650  \0$aSocial movements in literature.
=650  \7$aRadicalism in literature.$2fast$0(OCoLC)fst01087035
=650  \7$aScience fiction.$2fast$0(OCoLC)fst01108566
=650  \7$aSocial movements in literature.$2fast$0(OCoLC)fst01122677
=655  \7$aCriticism, interpretation, etc.$2fast$0(OCoLC)fst01411635
=700  1\$aMcIntyre, Iain,$d1970-$eeditor.$4edt$4edc
=700  1\$aNette, Andrew,$eeditor.$4edt$4edc
=776  08$iebook version :$z9781629639024

