=LDR  01426cam a22002533a 4500
=001  17339826
=003  LC
=005  20210817141442.0
=008  120609s1981\\\\nyu\\\\\\\\\\\000\0\eng\d
=010  \\$a   80069937 
=020  \\$a0380775867 (pbk.)
=020  \\$a9780380775866 (pbk.)
=035  \\$a(OCoLC)ocm07445858
=040  \\$aCGL$cCGL$dOCL$dTLM$dDAY$dOCLCQ$dDLC
=042  \\$alccopycat
=050  00$aCPB Box no. 1336 vol. 19
=245  00$aFirst voyages /$cedited by Damon Knight, Martin H. Greenberg & Joseph D. Olander.
=260  \\$aNew York :$bAvon Books,$c1981.
=300  \\$a373 pages ;$c18 cm.
=336  \\$atext$2rdacontent$0http://rdaregistry.info/termList/RDAContentType/1020
=337  \\$aunmediated$2rdamedia$0http://rdaregistry.info/termList/RDAMediaType/1007
=338  \\$avolume$2rdacarrier$0http://rdaregistry.info/termList/RDACarrierType/1049
=380  \\$aSpråkbasert verk$1https://schema.nb.no/Bibliographic/Values/V1000
=505  0\$aThe Isolinguals / L. Sprague de Camp -- The Faithful / L. del Ray -- Black destroyer / A.E. van Vogt -- Life-line / R.A. Heinlein -- Ether breather / T. Sturgeon -- Proof / H. Clement -- Loophole / A.C. Clarke -- Tomorrow's children / P. Anderson -- That only a mother / J. Merril -- Scanners live in vain / C. Smith -- Time trap / C.L. Harness -- Defense mechanism / K. MacLean -- Angel's egg / E. Panhorn -- Come on, wagon! / Z. Henderson -- Walk to the world / A. Budrys -- Beyond lies the wub / P.K. Dick -- My boy friend's name is Jello / A. Davidson -- T / B.W. Aldiss -- Prima Belladonna / J.G. Ballard -- April in Paris / U.K. Le Guin.
=650  \0$aScience fiction.
=655  \7$aScience fiction.$2gsafd
=700  1\$aKnight, Damon,$d1922-2002.$4edt$edc
=700  1\$aGreenberg, Martin H.$4edt$edc
=700  1\$aOlander, Joseph D.$4edt$edc
=710  2\$aCopyright Paperback Collection (Library of Congress)$5DLC
=700  02$aCamp, L. Sprague de$tThe Isolinguals
=700  02$aRay, L. del$tThe Faithful
=700  02$aVogt, A.E. van$tBlack destroyer
=700  02$aHeinlein, Robert A.$tLife-line
=700  02$aSturgeon, Theodore$tEther breather
=700  02$aClement, H.$tProof
=700  02$aClarke, Arthur C.$tLoophole
=700  02$aAnderson, P.$tTomorrow's children
=700  02$aMerril, J.$tThat only a mother
=700  02$aSmith, C.$tScanners live in vain
=700  02$aHarness, C.L.$tTime trap
=700  02$aMacLean, K.$tDefense mechanism
=700  02$aPanhorn, E.$tAngel's egg
=700  02$aHenderson, Z.$tCome on, wagon!
=700  02$aBudrys, A.$tWalk to the world
=700  02$aDick, Philip K.$tBeyond lies the wub
=700  02$aDavidson, A.$tMy boy friend's name is Jello
=700  02$aAldiss, B. W.$tT
=700  02$aBallard, J. G.$d1930-2009$tPrima Belladonna
=700  02$aGuin, Ursula K. Le$tApril in Paris

