=LDR  01947cam a22003138i 4500
=001  22338654
=003  LC
=005  20220124115013.0
=008  211208s2022\\\\nyu\\\\\\\\\\\000\1\eng\\
=010  \\$a  2021055118
=020  \\$a9780593321300$q(hardcover)
=040  \\$aDLC$beng$erda$cDLC
=042  \\$apcc
=050  00$aPN6120.95.G27$bG37 2022
=082  00$a808.83/964$223/eng/20220120
=245  00$aGarden stories /$cedited by Diana Secker Tesdell.
=263  \\$a2204
=264  \1$aNew York :$bAlfred A. Knopf,$c[2022]
=300  \\$apages cm
=336  \\$atext$btxt$2rdacontent$0http://rdaregistry.info/termList/RDAContentType/1020
=337  \\$aunmediated$bn$2rdamedia$0http://rdaregistry.info/termList/RDAMediaType/1007
=338  \\$avolume$bnc$2rdacarrier$0http://rdaregistry.info/termList/RDACarrierType/1049
=380  \\$aFiction
=490  0\$aEveryman's pocket classics
=500  \\$a"This is a Borzoi Book."
=505  0\$aThe garden I have in mind / Jamaica Kincaid -- From Elizabeth and her German garden / Elizabeth Von Arnim -- Flavours of exile / Doris Lessing -- From Walden / Henry David Thoreau -- Up the garden path / L.P. Hartley -- The French scarecrow / William Maxwell -- Bygone spring / Colette -- Ken Gardens / Virginia Woolf -- The garden-party / Katherine Mansfield -- The shadow in the rose garden / D.H. Lawrence -- From My Antonia / Willa Cather -- Blue poppies / Jane Gardam -- From The secret garden / Frances Hodgson Burnett -- The monkey garden / Sandra Cisneros -- From Rebecca / Daphne Du Maurier -- The lippia lawn /  Jean Stafford -- A night in the garden / Meir Shalev -- The occasional garden / Saki -- A garden plot / W.W. Jacobs -- Roses, ruses and romance / O. Henry -- The serial gardener -- Green thoughts / John Collier -- Rappucini's daughter / Nathaniel Hawthorne -- The enchanted garden / Italo Calvino -- The garden of time / J.G. Ballard -- Planting / Matsuda Aoko.
=520  \\$a"An anthology of classic short fiction about or set in gardens"--$cProvided by publisher.
=650  \0$aGardens$vFiction.
=655  \7$aShort stories.$2lcgft
=700  1\$aTesdell, Diana Secker$eeditor.$4edt$4edc
=700  02$aKincaid, Jamaica$tThe garden I have in mind
=700  02$aArnim, Elizabeth Von$tFrom Elizabeth and her German garden
=700  02$aLessing, Doris$tFlavours of exile
=700  02$aThoreau, Henry David$tFrom Walden
=700  02$aHartley, L.P.$tUp the garden path
=700  02$aMaxwell, William$tThe French scarecrow
=700  02$aColette$tBygone spring
=700  02$aWoolf, Virginia$tKen Gardens
=700  02$aMansfield, Katherine$tThe garden-party
=700  02$aLawrence, D.H.$tThe shadow in the rose garden
=700  02$aCather, Willa$tFrom My Antonia
=700  02$aGardam, Jane$tBlue poppies
=700  02$aBurnett, Frances Hodgson$tFrom The secret garden
=700  02$aCisneros, Sandra$tThe monkey garden
=700  02$aMaurier, Daphne Du$tFrom Rebecca
=700  02$aStafford, Jean$tThe lippia lawn
=700  02$aShalev, Meir$tA night in the garden
=700  02$aSaki$tThe occasional garden
=700  02$aJacobs, W.W.$tA garden plot
=700  02$aHenry, O.$tRoses, ruses and romance
=700  02$aHenry, O.$tThe serial gardener
=700  02$aCollier, John$tGreen thoughts
=700  02$aHawthorne, Nathaniel$tRappucini's daughter
=700  02$aCalvino, Italo$tThe enchanted garden
=700  02$aBallard, J. G.$d1930-2009$tThe garden of time
=700  02$aAoko, Matsuda$tPlanting

