=LDR  01407cam a2200241 a 4500
=001  16373192
=003  LC
=005  20111020102018.0
=008  100803s2010\\\\ilu\\\\\\\\\\\000\1\eng\\
=010  \\$a  2010032453
=020  \\$a9781933147437
=040  \\$aDLC$cDLC$dDLC
=042  \\$apcc
=050  00$aPS648.S3$bG695 2010
=082  00$a823/.0876208$222
=245  04$aThe Great Books Foundation science fiction omnibus /$cselected and edited by Daniel Born.
=246  3\$aScience fiction omnibus
=260  \\$aChicago :$bThe Great Books Foundation,$cc2010.
=300  \\$axiii, 488 pages ;$c23 cm.
=336  \\$atext$2rdacontent$0http://rdaregistry.info/termList/RDAContentType/1020
=337  \\$aunmediated$2rdamedia$0http://rdaregistry.info/termList/RDAMediaType/1007
=338  \\$avolume$2rdacarrier$0http://rdaregistry.info/termList/RDACarrierType/1049
=380  \\$aSpråkbasert verk$1https://schema.nb.no/Bibliographic/Values/V1000
=505  0\$aThe machine stops / E. M. Forster -- The Veldt / Ray Bradbury -- The star / Arthur C. Clarke -- The voices of time / J. G. Ballard -- The ship who sang / Anne McCaffrey -- Harrison Bergeron / Kurt Vonnegut -- The streets of Ashkelon / Harry Harrison -- The days of perky Pat / Philip K. Dick -- Vaster than empires and more slow / Ursula K. Le Guin -- As simple as that / Zenna Henderson -- The bicentennial man / Isaac Asimov -- Houston, Houston, do you read? / James Tiptree Jr. -- Ender's game / Orson Scott Card -- Bloodchild / Octavia Butler -- Promises to keep / Jack McDevitt -- Face value / Karen Joy Fowler -- Even the queen / Connie Willis -- Mortimer Gray's history of death / Brian Stableford.
=650  \0$aScience fiction, American.
=650  \0$aScience fiction, English.
=700  1\$aBorn, Daniel.$4edt$4edc
=700  \2$aForster, E. M.$tThe machine stops
=700  02$aBradbury, Ray$tThe Veldt
=700  02$aClarke, Arthur C.$tThe star
=700  02$aBallard, J. G.$d1930-2009$tThe voices of time
=700  02$aMcCaffrey, Anne$tThe ship who sang
=700  02$aVonnegut, Kurt$tHarrison Bergeron
=700  02$aHarrison, Harry$tThe streets of Ashkelon
=700  02$aDick, Philip K.$tThe days of perky Pat
=700  02$aGuin, Ursula K. Le$tVaster than empires and more slow
=700  02$aHenderson, Zenna$tAs simple as that
=700  02$aAsimov, Isaac$tThe bicentennial man
=700  02$aJr., James Tiptree$tHouston, Houston, do you read?
=700  02$aCard, Orson Scott$tEnder's game
=700  02$aButler, Octavia$tBloodchild
=700  02$aMcDevitt, Jack$tPromises to keep
=700  02$aFowler, Karen Joy$tFace value
=700  02$aWillis, Connie$tEven the queen
=700  02$aStableford, Brian$tMortimer Gray's history of death

