=LDR  03485cam a2200373 i 4500
=001  20496427
=003  LC
=005  20200127103630.0
=008  180515s2018\\\\enka\\\\\bkq\\001\0deng\\
=010  \\$a  2018023178
=020  \\$a9781786603340$qhardcover$qalkaline paper
=020  \\$a9781786603357$qpaperback$qalkaline paper
=020  \\$z9781786603364
=040  \\$aDLC$beng$cDLC$erda$dDLC
=042  \\$apcc
=043  \\$ae-uk-en
=050  00$aML421.J696$bH43 2018
=082  00$a782.42166092/2$223
=245  00$aHeart and soul :$bcritical essays on Joy Division /$cedited by Eoin Devereux, Martin J. Power and Aileen Dillane.
=264  \1$aLondon ;$aNew York :$bRowman and Littlefield International,$c2018.
=300  \\$axxix, 314 pages :$billustrations ;$c23 cm.
=336  \\$atext$btxt$2rdacontent$0http://rdaregistry.info/termList/RDAContentType/1020
=337  \\$aunmediated$bn$2rdamedia$0http://rdaregistry.info/termList/RDAMediaType/1007
=338  \\$avolume$bnc$2rdacarrier$0http://rdaregistry.info/termList/RDACarrierType/1049
=380  \\$aDiscography
=380  \\$aFilmography
=490  0\$aPopular musics matter: social, political and cultural interventions
=504  \\$aIncludes bibliographical references ( pages 271-301), discography/filmography (pages 267-270) and index.
=505  0\$aIntroduction: This Is the way, step inside: understanding Joy Division -- Part 1. Dead souls : hauntology and Faustian contracts. Missions of dead souls : a hauntology of the industrial, modernism and esotericism in the music of Joy Division / Michael Goddard. Tony Wilson's bloody contract : a re-enactment of the Faustian bargain / Dan Jacobson and Ian Jeffrey -- Part 2. Ballard, Burroughs, Dostoevsky and Gogol : literary (and visual) influences on Joy Division. Trying to find a clue, trying to find a way to get out! : the European imaginary of Joy Division / Giancomo Bottáa. Literary influences on Joy Division : J. G. Ballard, Franz Kafka, Dostoevsky / Sara Martâinez. "Possessed by a fury that burns from inside" : on Ian Curtis's lyrics / Uwe Schèutte -- Part 3. Joy Division and mental health. In a lonely place : illness and the temporal exile of Ian Curtis / Tiffany Naiman. Communication breakdown : inarticulacy and the significance of "transmission" / J. Rubâen Valdâes Miyares. This is the crisis I knew had to come : revisiting Ian Curtis's suicide / Erin Devereux, Walter Cullen and David Meagher -- Part 4. Interzone : sounds, images and style. Joy Division in space : the aesthetics of estrangement / Robin Parmar. Manchester, Martin Hannett and Joy Division's pungent architecture / John S. Greenwood and Paul Tarpey. Nothing here now but the recordings : the moving image record of Joy Division and the Factory Video Unit / Nick Cope -- Part 5. Cultural legacies. Mining for counterculture / Colin Malcolm. "I hung around in your soundtrack" : affinities with Joy Division among contemporary Iranian musicians / Gay Jennifer Breyley. As if it never happened : the posteconomy of Joy Division and Ian Curtis / Jennifer Otter Bickerdike -- Part 6. Temptation, transmission and transitions. Things that aren't there : spectral presences in musical absences : the transition from Joy Division to New Order / Kieran Cashell.
=610  20$aJoy Division (Musical group)
=650  \0$aPost-punk music$zEngland$xHistory and criticism.
=650  \0$aRock music$zEngland$y1971-1980$xHistory and criticism.
=700  1\$aDevereux, Eoin,$eeditor.$4edt$4edc
=700  1\$aDillane, Aileen,$eeditor.$4edt$4edc
=700  1\$aPower, Martin J.,$eeditor.$4edt$4edc
=776  08$iOnline version:$tHeart and soul$dLondon ; New York : Rowman & Littlefield International, 2018$z9781786603364$w(DLC) 2018025393

