=LDR  04469cgm a22008777i 4500
=001  22485088
=003  LC
=005  20220330101242.0
=007  vd\csaizq
=008  220330t20162016xxk120\\\\\\\\\\\\mleng\\
=010  \\$a  2022603542
=024  1\$a876964009621
=028  42$a10962$bMagnet
=035  \\$a(OCoLC)953420856$z(OCoLC)1149380581$z(OCoLC)1251720617
=037  \\$bMidwest Tape$nhttp://www.midwesttapes.com
=040  \\$aDLC$beng$erda$cDLC
=041  1\$aeng$jeng$jspa$heng
=046  \\$k2015$2edtf
=050  00$aDVA 5759 (viewing copy)
=130  10$aHigh Rise$1http://www.wikidata.org/entity/Q16994014
=245  00$aHigh-rise /$cMagnolia Pictures presents ; Jeremy Thomas and Hanway Films, Film4 and BFI present ; in association with Northern Ireland Screen, Ingenious Media, Scope Pictures and S Films ; a Recorded Picture Company production ; a film by Ben Wheatley ; screenplay by Amy Jump ; produced by Jeremy Thomas ; directed by Ben Wheatley.
=257  \\$aGreat Britain$2naf
=264  \2$aLos Angeles, CA :$bMagnolia Home Entertainment,$c[2016]
=264  \4$c©2016
=300  \\$3viewing copy$a1 videodisc (120 min.) :$bsound, color ;$c4 3/4 in.
=336  \\$atwo-dimensional moving image$btdi$2rdacontent$0http://rdaregistry.info/termList/RDAContentType/1023
=337  \\$avideo$bv$2rdamedia$0http://rdaregistry.info/termList/RDAMediaType/1008
=338  \\$avideodisc$bvd$2rdacarrier$0http://rdaregistry.info/termList/RDACarrierType/1060
=340  \\$b4 3/4 in.$2rda
=344  \\$adigital$boptical$gsurround$h5.1 DTS-HD Master Audio$2rda
=345  \\$avideodisc
=346  \\$aBlu-ray
=347  \\$avideo file$bBlu-ray$d1080p$eregion A$2rda
=380  \\$aMotion pictures$2lcgft
=500  \\$aBased on the novel by J.G. Ballard.
=500  \\$aOriginally released as a motion picture in 2015.
=500  \\$aSources used: videodisc container.
=500  \\$aSpecial features: Commentary with Ben Wheatley, Tom Hiddleston and Jeremy Thomas ; Building the world of High-rise: 70's style ; Heady special effects ; Breaking down High-rise and its tenants ; High-rise: bringing Ballard to the big screen.
=500  \\$aTitle from container.
=500  \\$aWide screen (2.39:1).
=508  \\$aDirector of photography, Laurie Rose ; editors, Amy Jump, Ben Wheatley ; music, Clint Mansell.
=511  1\$aTom Hiddleston, Jeremy Irons, Sienna Miller, Elizabeth Moss, Luke Evans, James Purefoy, Keeley Hawes.
=520  \\$aDr. Laing is the newest resident of a luxurious apartment in a high-tech concrete skyscraper whose lofty location places him amongst the upper class. But as power outages become more frequent and building flaws emerge, particularly on the lower floors, the regimented social strata begins to crumble and the building becomes a battlefield in a literal class war.
=538  \\$aRequires Blu-ray player.
=546  \\$aEnglish dialogue; Spanish subtitles; English subtitles for the deaf and hard of hearing (SDH).
=650  \0$aApartments$vDrama.
=650  \0$aNeighborhoods$vDrama.
=650  \7$aApartments.$2fast$0(OCoLC)fst00811207
=650  \7$aNeighborhoods.$2fast$0(OCoLC)fst01715963
=655  \7$aAction and adventure films.$2fast$0(OCoLC)fst01710568
=655  \7$aAction and adventure films.$2lcgft
=655  \7$aDrama.$2fast$0(OCoLC)fst01423879
=655  \7$aFeature films.$2fast$0(OCoLC)fst01710384
=655  \7$aFeature films.$2lcgft
=655  \7$aFiction films.$2lcgft
=655  \7$aVideo recordings for the hearing impaired.$2fast$0(OCoLC)fst01710450
=655  \7$aVideo recordings for the hearing impaired.$2lcgft
=700  1\$aEvans, Luke,$d1979-$eactor.$4act$1http://viaf.org/viaf/167800050
=700  1\$aHawes, Keeley,$d1976-$eactor.$4act$1http://viaf.org/viaf/34399825
=700  1\$aHiddleston, Tom,$eactor.$4act$1http://viaf.org/viaf/227561795
=700  1\$aIrons, Jeremy,$d1948-$eactor.$4act$1http://viaf.org/viaf/114783177
=700  1\$aJump, Amy,$escreenwriter.$4aus$1http://viaf.org/viaf/263006949
=700  1\$aMiller, Sienna,$d1981-$eactor.$4act$1http://viaf.org/viaf/15069355
=700  1\$aMoss, Elisabeth,$d1982-$eactor.$4act$1http://viaf.org/viaf/90688509
=700  1\$aPurefoy, James,$d1964-$eactor.$4http://viaf.org/viaf/59286945
=700  1\$aThomas, Jeremy,$efilm producer.$4pro$1http://viaf.org/viaf/304130472
=700  1\$aWheatley, Ben,$d1972-$efilm director.$4fmd$1http://viaf.org/viaf/252508880
=710  2\$aBritish Film Institute,$epresenter.
=710  2\$aFilmFour (Firm),$epresenter.
=710  2\$aHanWay (Firm),$epresenter.
=710  2\$aIngenious Media,$epresenter.
=710  2\$aMagnolia Home Entertainment (Firm),$efilm distributor.
=710  2\$aMagnolia Pictures (Firm),$epresenter.
=710  2\$aNorthern Ireland Screen (Firm),$epresenter.
=710  2\$aRecorded Picture Company,$eproduction company.
=710  2\$aS Films (Firm),$epresenter.
=710  2\$aScope Pictures (Firm),$epresenter.
=758  \\$aHigh-rise$1http://viaf.org/viaf/308016990$4http://rdaregistry.info/Elements/w/object/P10129
=773  0\$aRoger Blunck Collection (Library of Congress)

