=LDR  01358cam a2200277 a 4500
=001  623237
=003  LC
=005  20140625101154.0
=008  920519s1991\\\\nyu\\\\\\\\\\\000\1\eng\\
=010  \\$a   92162118 
=020  \\$a0886774659 :$c{dollar}4.50 ({dollar}5.95 Can.)
=035  \\$9(DLC)   92162118
=040  \\$aDLC$cDLC$dDLC
=050  00$aPS648.S3$bI7983 1991
=082  00$a813/.0876208$220
=245  00$aIsaac Asimov presents the great SF stories #22 (1959) /$cedited by Isaac Asimov and Martin H. Greenberg.
=260  \\$aNew York, NY :$bDAW Books,$cc1991.
=300  \\$a351 pages ;$c18 cm.
=336  \\$atext$2rdacontent$0http://rdaregistry.info/termList/RDAContentType/1020
=337  \\$aunmediated$2rdamedia$0http://rdaregistry.info/termList/RDAMediaType/1007
=338  \\$avolume$2rdacarrier$0http://rdaregistry.info/termList/RDACarrierType/1049
=380  \\$aSpråkbasert verk$1https://schema.nb.no/Bibliographic/Values/V1000
=440  \0$aDAW book collectors ;$vno. 842
=505  0\$aMariana / Friez Leiber -- The day the icicle works closed / Frederick Pohl -- The fellow who married the Maxill girl / Ward Moore -- Mine own ways / Richard McKenna -- Make mine-- homogenized / Rich Raphael -- The lady who sailed The soul -- I remember Babylon / Arthur C. Clarke -- Chief / Henry Slesar -- Mind partner / Christopher Anvil -- The handler / Damon Knight -- The voices of time / J.G. Ballard.
=650  \0$aScience fiction, American.
=650  \0$aScience fiction, English.
=700  1\$aAsimov, Isaac,$d1920-1992.$4edc$4edt$1http://viaf.org/viaf/24597135
=700  1\$aGreenberg, Martin Harry.$4edc$4edt
=700  02$aLeiber, Friez$tMariana
=700  \2$aPohl, Frederick$tThe day the icicle works closed
=700  \2$aMoore, Ward$tThe fellow who married the Maxill girl
=700  \2$aMcKenna, Richard$tMine own ways
=700  \2$aRaphael, Rich$tMake mine
=700  \2$aSmith, Cordwainer$tThe lady who sailed The soul
=700  \2$aClarke, Arthur C.$tI remember Babylon
=700  \2$aSlesar, Henry$tChief
=700  \2$aAnvil, Christopher$tMind partner
=700  \2$aKnight, Damon$tThe handler
=700  \2$aBallard, J. G.$d1930-2009$tThe voices of time
=740  0\$aGreat SF stories #22 (1959)
=856  42$3Contributor biographical information$uhttp://www.loc.gov/catdir/enhancements/fy1405/92162118-b.html

