=LDR  01492cam a2200277 a 4500
=001  1569583
=003  LC
=005  20140625101154.0
=008  920721s1992\\\\nyu\\\\\\\\\\\000\1\eng\\
=010  \\$a   92188624 
=020  \\$a0886774950 :$c{dollar}5.50 ({dollar}6.50 Can.)
=035  \\$9(DLC)   92188624
=040  \\$aDLC$cDLC$dDLC
=050  00$aPS648.S3$bI775 1992
=082  00$a813/.0876208$220
=245  00$aIsaac Asimov presents the great SF stories #24 (1962) /$cedited by Isaac Asimov and Martin H. Greenberg.
=260  \\$aNew York, NY :$bDAW Books,$cc1992.
=300  \\$a348 pages ;$c18 cm.
=336  \\$atext$2rdacontent$0http://rdaregistry.info/termList/RDAContentType/1020
=337  \\$aunmediated$2rdamedia$0http://rdaregistry.info/termList/RDAMediaType/1007
=338  \\$avolume$2rdacarrier$0http://rdaregistry.info/termList/RDACarrierType/1049
=380  \\$aSpråkbasert verk$1https://schema.nb.no/Bibliographic/Values/V1000
=440  \0$aDAW book collectors ;$vno. 871
=500  \\$aSpine title: The great SF stories, 24.
=505  0\$aThe insane ones / J.G. Ballard -- Christmas treason / James White -- Seven-day terror / R.A. Lafferty -- Kings who die / Poul Anderson -- The man who made friends with electricity / Fritz Leiber -- Hang head, vandal! / Mark Clifton -- The weather man / Theodore L. Thomas -- Earthlings go home! / Mack Reynolds -- The streets of ashkelon / Harry Harrison -- When you care, when you love / Theodore Sturgeon -- The ballad of lost c'mell / Cordwainer Smith -- Gadget vs. trend / Christopher Anvil -- Roofs of silver / Gordon R. Dickson.
=650  \0$aScience fiction, American.
=700  1\$aAsimov, Isaac,$d1920-1992.$4edc$4edt$1http://viaf.org/viaf/24597135
=700  1\$aGreenberg, Martin Harry.$4edc$4edt
=700  0\$aBallard, J. G.$d1930-2009$tThe insane ones
=700  \2$aWhite, James$tChristmas treason
=700  \2$aLafferty, R.A.$tSeven-day terror
=700  \2$aAnderson, Poul$tKings who die
=700  \2$aLeiber, Fritz$tThe man who made friends with electricity
=700  \2$aClifton, Mark$tHang head, vandal!
=700  \2$aThomas, Theodore L.$tThe weather man
=700  \2$aReynolds, Mack$tEarthlings go home!
=700  \2$aHarrison, Harry$tThe streets of ashkelon
=700  \2$aSturgeon, Theodore$tWhen you care, when you love
=700  \2$aSmith, Cordwainer$tThe ballad of lost c'mell
=700  \2$aAnvil, Christopher$tGadget vs. trend
=700  \2$aDickson, Gordon R.$tRoofs of silver

=740  0\$aGreat SF stories, 24.
=856  42$3Contributor biographical information$uhttp://www.loc.gov/catdir/enhancements/fy1405/92188624-b.html

