=LDR  01385cam a2200253 a 4500
=001  522527
=003  LC
=005  20090421110019.0
=008  860417s1985\\\\gw\\\\\\\b\\\\000\0\ger\\
=010  \\$a   86147128 
=020  \\$a3890482066
=035  \\$9(DLC)   86147128
=040  \\$aDLC$cDLC$dDLC
=050  00$aPR6052.A46$bZ695 1985
=082  00$a823/.914$219
=245  00$aJ.G. Ballard, der Visionär des Phantastischen /$cherausgegeben von Joachim Körber.
=260  \\$aMeitingen :$bCorian-Verlag,$cc1985.
=300  \\$a176 pages ;$c21 cm.
=336  \\$atext$2rdacontent$0http://rdaregistry.info/termList/RDAContentType/1020
=337  \\$aunmediated$2rdamedia$0http://rdaregistry.info/termList/RDAMediaType/1007
=338  \\$avolume$2rdacarrier$0http://rdaregistry.info/termList/RDACarrierType/1049
=380  \\$aSpråkbasert verk$1https://schema.nb.no/Bibliographic/Values/V1000
=440  \0$aEdition Futurum ;$vBd. 6
=504  \\$aIncludes bibliographical references.
=505  0\$aRaum, Zeit und Entropie / Michael K. Iwoleit -- Das Lächeln / J.G. Ballard -- Von Shanghai nach Shepperton / J.G. Ballard & David Pringle -- J.G. Ballard und die Grenzen der Mainstream-SF / Charles Nicol -- Das Angriffsziel / J.G. Ballard -- Ein Interview mit J.G. Ballard / Werner Fuchs, Joachim Körber -- Die Einheit der Welt / Franz Rottensteiner -- Die hermetische Welt der Moderne / Joachim Körber -- Die Schreckensgalerie / Heinrich Keim -- Das Attentat auf John F. Kennedy, als Bergab-Autorennen inszeniert / J.G. Ballard -- Bibliographie / Joachim Körber & Uli Kohnle.
=600  10$aBallard, J. G.$d1930-2009$xCriticism and interpretation.$1http://viaf.org/viaf/9842556
=650  \0$aScience fiction, English$xHistory and criticism.
=700  1\$aKörber, Joachim$4trl$1http://viaf.org/viaf/37083705

