=LDR  01339cam a2200349 a 4500
=001  15768747
=003  LC
=005  20121024150027.0
=008  090609s2008\\\\enk\\\\\\b\\\\001\0\eng\\
=010  \\$a  2009284116
=015  \\$aGBA8A5764$2bnb
=016  7\$a014708430$2Uk
=020  \\$a082649725X
=020  \\$a0826497268 (pbk.)
=020  \\$a9780826497253
=020  \\$a9780826497260 (pbk.)
=035  \\$a(OCoLC)ocn245564034
=040  \\$aUKM$cUKM$dBWKUK$dBWK$dCDX$dOCLCA$dYDXCP$dDLC
=042  \\$alccopycat
=050  00$aPR6052.A46$bZ693 2008
=082  04$a823.914$222
=245  00$aJ.G. Ballard /$cedited by Jeannette Baxter.
=260  \\$aLondon ;$aNew York :$bContinuum,$cc2008.
=300  \\$axvii, 151 pages ;$c25 cm.
=336  \\$atext$2rdacontent$0http://rdaregistry.info/termList/RDAContentType/1020
=337  \\$aunmediated$2rdamedia$0http://rdaregistry.info/termList/RDAMediaType/1007
=338  \\$avolume$2rdacarrier$0http://rdaregistry.info/termList/RDACarrierType/1049
=380  \\$aSpråkbasert verk$1https://schema.nb.no/Bibliographic/Values/V1000
=490  1\$aContemporary critical perspectives
=504  \\$aIncludes bibliographical references (p. [129]-147) and index.
=600  10$aBallard, J. G.$d1930-2009$xCriticism and interpretation.$1http://viaf.org/viaf/9842556
=700  1\$aBaxter, Jeannette.$4edt$4edc$1http://viaf.org/viaf/11777409
=830  \0$aContinuum contemporary critical perspectives series.
=856  41$3Table of contents only$uhttp://www.loc.gov/catdir/enhancements/fy1116/2009284116-t.html
=856  42$3Contributor biographical information$uhttp://www.loc.gov/catdir/enhancements/fy1116/2009284116-b.html
=856  42$3Publisher description$uhttp://www.loc.gov/catdir/enhancements/fy1213/2009284116-d.html

