=LDR  01195cam a2200313 i 4500
=001  19155163
=003  LC
=005  20170706092246.0
=008  160628s2016\\\\ne\a\\\\\b\\\\001\0\eng\\
=010  \\$a  2016022436
=020  \\$a9789004313859 (hardback : acid-free paper)
=020  \\$z9789004313866 (e-book)
=040  \\$aDLC$beng$cDLC$erda$dDLC
=042  \\$apcc
=050  00$aPR6052.A46$bZ697 2016
=082  00$a823/.914$223
=245  00$aJ.G. Ballard :$blandscapes of tomorrow /$cedited by Richard Brown, Christopher Duffy, Elizabeth Stainforth.
=264  \1$aLeiden ;$aBoston :$bBrill,$c[2016]
=300  \\$ax, 160 pages :$bcolor illustrations ;$c25 cm.
=336  \\$atext$btxt$2rdacontent$0http://rdaregistry.info/termList/RDAContentType/1020
=337  \\$aunmediated$bn$2rdamedia$0http://rdaregistry.info/termList/RDAMediaType/1007
=338  \\$avolume$bnc$2rdacarrier$0http://rdaregistry.info/termList/RDACarrierType/1049
=490  0\$aDialogue ;$vvolume 22
=504  \\$aIncludes bibliographical references and index.
=600  10$aBallard, J. G.$d1930-2009$xCriticism and interpretation.$1http://viaf.org/viaf/9842556
=700  1\$aBrown, Richard,$d1954-$eeditor.$4edt$4edc
=700  1\$aDuffy, Christopher,$d1977-$eeditor.$4edt$4edc
=700  1\$aStainforth, Elizabeth,$d1986-$eeditor.$4edt$4edc
=776  08$iOnline version:$tJ. G. Ballard$dLeiden ; Boston : Brill, [2016]$z9789004313866$w(DLC) 2016030903

