=LDR  02285cam a2200349 a 4500
=001  17845099
=003  LC
=005  20200901150404.0
=008  130808s2012\\\\ne\\\\\\\b\\\\001\0\eng\d
=010  \\$a  2013431852
=016  7\$a016149704$2Uk
=020  \\$a9789042035577 (pbk.)
=020  \\$a9789401208321 (ebk.)
=035  \\$a(OCoLC)ocn806014595
=040  \\$aOHX$cOHX$dOCLCO$dUKMGB$dERASA$dBTCTA$dHLS$dOCLCO$dCDX$dYDXCP$dBWX$dMUU$dDLC
=042  \\$alccopycat
=050  00$aPR829$b.M63 2012
=072  \7$aPR$2lcco
=082  04$a823.0109$223
=245  00$aModernism, postmodernism, and the short story in English /$cedited by Jorge Sacido.
=260  \\$aAmsterdam ;$aNew York, NY :$bRodopi,$c2012.
=300  \\$aix, 269 pages ;$c23 cm.
=336  \\$atext$2rdacontent$0http://rdaregistry.info/termList/RDAContentType/1020
=337  \\$aunmediated$2rdamedia$0http://rdaregistry.info/termList/RDAMediaType/1007
=338  \\$avolume$2rdacarrier$0http://rdaregistry.info/termList/RDACarrierType/1049
=380  \\$aSpråkbasert verk$1https://schema.nb.no/Bibliographic/Values/V1000
=490  1\$aPostmodern studies ;$v48
=500  \\$aCollection of texts published previously.
=500  \\$aEssays.
=504  \\$aIncludes bibliographical references and index.
=505  00$tModernism, postmodernism, and the short story in English /$rJorge Sacido --$gI.$tRefocusing "modernism" through the short story.$tThe short story and the difficulty of modernism /$rAdrian Hunter ;$tAllegory and fragmentation in Wyndham Lewis's The wild body and Djuna Barnes's A book /$rJosé María Díaz --$gII.$tSubject vanishes: modernist contradiction, postmodernist effacement and the short story genre.$tMan in a sidecar: madness, totality and narrative drive the short story /$rTim Armstrong ;$tStories, spectres, screens /$rFred Botting ;$tThe writing machine: J.G. Ballard in modern and postmodern short story theory /$rPaul March-Russell --$gIII.$tThe subject reappears: postcolonial conflict and the other's stories.$tPostmodernist tales from the couch /$rEsther Sánchez-Pardo ;$tMind the gap: modernism in Salman Rushdie's postmodern short stories /$rJ. Manuel Barbeito and María Lozano ;$tOne anOther: Englishness in contemporary Irish short fiction /$rManuela Palacios --$gIV.$tShort stories from the contemporary underground.$tA move against the dinosaurs: the new puritans and the short story /$rJosé Francisco Fernández.
=650  \0$aModernism (Literature)
=650  \0$aPostmodernism (Literature)
=650  \0$aShort stories, English$xHistory and criticism.
=700  1\$aSacido, Jorge.$4edt$4edc
=830  \0$aPostmodern studies ;$v48.

