=LDR  02953cam a2200361 i 4500
=001  18974413
=003  LC
=005  20161006093645.0
=008  160212s2016\\\\ne\a\\\\\b\\\\001\0\eng\\
=010  \\$a  2015047189
=020  \\$a9789004302594 (hardback : alk. paper)
=020  \\$z9789004312074 (e-book)
=040  \\$aDLC$beng$cDLC$erda$dDLC
=042  \\$apcc
=050  00$aPN55$b.N37 2016
=082  00$a809/.933561$223
=245  00$aNarrating life :$bexperiments with human and animal bodies in literature, science and art /$cedited by Stefan Herbrechter, Elisabeth Friis.
=264  \1$aLeiden ;$aBoston :$bBrill Rodopi,$c[2016]
=300  \\$axiii, 335 pages :$billustrations (chiefly color) ;$c25 cm.
=336  \\$atext$2rdacontent$0http://rdaregistry.info/termList/RDAContentType/1020
=337  \\$aunmediated$2rdamedia$0http://rdaregistry.info/termList/RDAMediaType/1007
=338  \\$avolume$2rdacarrier$0http://rdaregistry.info/termList/RDACarrierType/1049
=490  0\$aExperimental practices,$x1873-8788 ;$vvolume 1
=504  \\$aIncludes bibliographical references and index.
=505  0\$aNarrating-life: in lieu of an introduction / Stefan Herbrechter -- Fiction. From Lives/ David Wagner -- Narrating life in literature. In my core I have the strange impression that I don't belong to the human species: Clarice Lispector's Agua viva as life writing? / Elisabeth Friis -- Charting Solar Systems, Exoplanets and Earth 2.0 / Holly Henry -- Species Encounters: 0. Butler Meets Haraway Meets Deleuze and Guattari / Tom ldema -- Solid-State Fiction: J. G. Ballard and the Crystallization of Life / Moritz Ingwersen -- Dissonance, Data, and DNA: Aesthetics, Biopolitics and Transgenic Music in Richard Powers' Orfeo / Cristina Iuli -- "Chromosomal Cuties", "Fembots", a "Chatty Cyber Trio" or "Cantankerous Clones"? Lynn Hershman Leeson's Teknolust / Tania Nusser -- Submarine Experiments with Human Lives by Chrismoph -- Ransmayr- a waterman narrates / Manuela Rossini -- In Toxicating Languages of Bioinformatic Circulation: Poetics and Other "Smallwork" in The Flame Alphabet /  Laura Shackelford -- Life beyond "critique": Murakami after Latour / Jeff Wallace -- Aporias of Survival: Kafka's Alien Incursion / Dominik Zechner -- The Atlas of Man (If by Man We Also Mean Woman) / Steve Tomasula -- Narrating Life in Science. Linear Time and Revolutionary Time: Humans, Apes, and Temporality in Scientific and Literary Narratives / Amelie Bjorck -- Ecolinguistic Activism: How and Why to Rite / Angela Rawlings -- Death Writing: Toward a Bestiary of the Biological Real /  Dorion Sagan -- Experimenting with bones / Marianne Sommer -- The Sponge Diver or Bodies on the Seabed / Amalie Smith.
=650  \0$aHuman body in literature.
=650  \0$aLife in literature
=650  \0$aLiterature and science.
=650  \0$aScience in literature.
=650  \0$aScientific literature$xHistory and criticism.
=700  1\$aFriis, Elisabeth,$eeditor.$4edt$4edc
=700  1\$aHerbrechter, Stefan,$eeditor.$4edt$4edc
=776  08$iOnline version:$tNarrating life$dLeiden ; Boston : Brill Rodopi, 2016$z9789004312074$w(DLC) 2016007874

