=LDR  01992cam a2200265 a 4500
=001  13907304
=003  LC
=005  20080505103434.0
=008  050322s2004\\\\nyua\\\\\\\\\\000\1\eng\d
=010  \\$a  2005273377
=020  \\$a1568583176 (pbk.)
=035  \\$a(OCoLC)ocm56614654
=040  \\$aORX$cORX$dGZM$dDLC
=042  \\$alccopycat
=050  00$aPR1309.S3$bN49 2004
=082  00$a823/.0876208$222
=245  00$aNew worlds :$ban anthology /$cedited by Michael Moorcock.
=250  \\$aU.S. ed.
=260  \\$aNew York :$bThunder's Mouth Press,$cc2004.
=300  \\$axxx, 386 pages :$billustrations ;$c21 cm.
=336  \\$atext$2rdacontent$0http://rdaregistry.info/termList/RDAContentType/1020
=337  \\$aunmediated$2rdamedia$0http://rdaregistry.info/termList/RDAMediaType/1007
=338  \\$avolume$2rdacarrier$0http://rdaregistry.info/termList/RDACarrierType/1049
=380  \\$aSpråkbasert verk$1https://schema.nb.no/Bibliographic/Values/V1000
=505  00$tGravity / Harvey Jacobs -- Concentrate 3 / Michael Butterworth -- Dr. Gelabius / Hilary Bailey -- Four-colour problem / Barrington Bayley -- Running down / M. John Harrison -- Eye of the lens / Langdon Jones -- Assassination weapon / J.G. Ballard -- Heat death of the universe / Pamela Zoline -- Valve transcript / Joel Zoss -- Tank trapeze / Michael Moorcock -- Angouleme / Thomas M. Disch -- Scream / Giles Gordon -- Masterson and the clerks / John T. Sladek -- Multi-value motorway / Brian W. Aldiss -- Traveler's rest / David I. Masson -- Landscape of shallows / Christopher Finch -- Disaster story / Charles Platt -- Conversations at Ma Maia Metron / Robert Meadley -- No direction home / Norman Spinrad -- Realms of Tolkien / Daphne Castell -- Jeremiad / James Sallis -- Party at Lady Cusp-Canine's / Mervyn Peake -- Soft world sequence / George MacBeth -- Space hopping with Captain God / John T. Sladek -- Scholia, seasoned with crabs, blish is / John Clute -- Sweet analytics / M. John Harrison -- Literature of acceptance / James Colvin -- Alphabets of unreason / J.G. Ballard -- Language mechanisms / Christopher Finch -- Languages of science / David Harvey.
=650  \0$aScience fiction, American.
=650  \0$aScience fiction, English.
=700  1\$aMoorcock, Michael,$d1939-$4edt$4edc
=700  \2$aJacobs, Harvey$tGravity
=700  \2$aButterworth, Michael$tConcentrate 3
=700  \2$aBailey, Hilary$tDr. Gelabius
=700  \2$aBayley, Barrington$tFour-colour problem
=700  \2$aHarrison, M. John$tRunning down
=700  \2$aJones, Langdon$tEye of the lens
=700  \2$aBallard, J. G.$d1930-2009$tAssassination weapon
=700  \2$aZoline, Pamela$tHeat death of the universe
=700  \2$aZoss, Joel$tValve transcript
=700  \2$aMoorcock, Michael$tTank trapeze
=700  \2$aDisch, Thomas M.$tAngouleme
=700  \2$aGordon, Giles$tScream
=700  \2$aSladek, John T.$tMasterson and the clerks
=700  \2$aAldiss, Brian W.$tMulti-value motorway
=700  \2$aMasson, David I.$tTraveler's rest
=700  \2$aFinch, Christopher$tLandscape of shallows
=700  \2$aPlatt, Charles$tDisaster story
=700  \2$aMeadley, Robert$tConversations at Ma Maia Metron
=700  \2$aSpinrad, Norman$tNo direction home
=700  \2$aCastell, Daphne$tRealms of Tolkien
=700  \2$aSallis, James$tJeremiad
=700  \2$aPeake, Mervyn$tParty at Lady Cusp-Canine's
=700  \2$aMacBeth, George$tSoft world sequence
=700  \2$aSladek, John T.$tSpace hopping with Captain God
=700  \2$aClute, John$tScholia, seasoned with crabs, blish is
=700  \2$aHarrison, M. John$tSweet analytics
=700  \2$aColvin, James$tLiterature of acceptance
=700  \2$aBallard, J. G.$d1930-2009$tAlphabets of unreason
=700  \2$aFinch, Christopher$tLanguage mechanisms
=700  \2$aHarvey, David$tLanguages of science
=856  42$3Publisher description$uhttp://www.loc.gov/catdir/enhancements/fy0831/2005273377-d.html

