=LDR  01778cam a2200277 a 4500
=001  2150469
=003  LC
=005  19990305151738.4
=008  980612s1998\\\\nyu\\\\\\\\\\\000\1\eng\d
=010  \\$a   98164539 
=020  \\$a0061052884 :$c{dollar}25.00 ({dollar}36.50 Can.)
=024  30$a780061052880$d52500
=035  \\$9(DLC)   98164539
=035  \\$a(OCoLC)39277738 
=040  \\$aMdBCP$cMdBCP$dIWhN$dDLC
=042  \\$alccopycat
=050  00$aPS648.S3$bP58 1998
=082  00$a813/.0876608$221
=245  04$aThe Playboy book of science fiction /$cedited by Alice K. Turner.
=246  30$aBook of science fiction
=260  \\$aNew York :$bHarperPrism,$c1998
=300  \\$avii, 469 pages ;$c25 cm.
=336  \\$atext$2rdacontent$0http://rdaregistry.info/termList/RDAContentType/1020
=337  \\$aunmediated$2rdamedia$0http://rdaregistry.info/termList/RDAMediaType/1007
=338  \\$avolume$2rdacarrier$0http://rdaregistry.info/termList/RDACarrierType/1049
=380  \\$aSpråkbasert verk$1https://schema.nb.no/Bibliographic/Values/V1000
=505  00$aLost city of Mars / Ray Bradbury -- Nine lives / Ursula K. Le Guin -- Deathwatch / Norman Spinrad -- Masks / Damon Knight -- Welcome to the Monkey House / Kurt Vonnegut -- Dead astronaut / J.G. Ballard -- Schematic man / Frederik Pohl -- Can you feel anything when I do this? / Robert Sheckley -- Transit of Earth / Arthur C. Clarke -- Report on the threatened city / Doris Lessing -- Leviathan / Larry Niven -- All the birds come home to roost / Harlan Ellison -- Apotheosis of Myra / Walter Tevis -- Frozen journey / Philip K. Dick -- Gianni / Robert Silverberg -- Word processor / Stephen King -- Interstellar pigeon / Donald E. Westlake -- Heirs of the perisphere / Howard Waldrop  -- Earth Station Charley / Billy Crystal -- Slow, slow burn / George Alec Effinger -- More than the sum of his parts / Joe Haldeman -- Sen Yen Babbo & the heavenly host / Chet Williamson -- Fire zone emerald / Lucius Shepard -- Ghost standard / William Tenn -- Office romance / Terry Bisson.
=650  \0$aScience fiction, American.
=650  \0$aScience fiction, English.
=700  1\$aTurner, Alice K.$4edt$4edc
=700  \2$aBradbury, Ray$tLost city of Mars
=700  \2$aGuin, Ursula K. Le$tNine lives
=700  \2$aSpinrad, Norman$tDeathwatch
=700  \2$aKnight, Damon$tMasks
=700  \2$aVonnegut, Kurt$tWelcome to the Monkey House
=700  \2$aBallard, J. G.$d1930-2009$tDead astronaut
=700  \2$aPohl, Frederik$tSchematic man
=700  \2$aSheckley, Robert$tCan you feel anything when I do this?
=700  \2$aClarke, Arthur C.$tTransit of Earth
=700  \2$aLessing, Doris$tReport on the threatened city
=700  \2$aNiven, Larry$tLeviathan
=700  \2$aEllison, Harlan$tAll the birds come home to roost
=700  \2$aTevis, Walter$tApotheosis of Myra
=700  \2$aDick, Philip K.$tFrozen journey
=700  \2$aSilverberg, Robert$tGianni
=700  \2$aKing, Stephen$tWord processor
=700  \2$aWestlake, Donald E.$tInterstellar pigeon
=700  \2$aWaldrop, Howard$tHeirs of the perisphere
=700  \2$aCrystal, Billy$tEarth Station Charley
=700  \2$aEffinger, George Alec$tSlow, slow burn
=700  \2$aHaldeman, Joe$tMore than the sum of his parts
=700  \2$aWilliamson, Chet$tSen Yen Babbo & the heavenly host
=700  \2$aShepard, Lucius$tFire zone emerald
=700  \2$aTenn, William$tGhost standard
=700  \2$aBisson, Terry$tOffice romance

