=LDR  02034cam a2200301 a 4500
=001  3079922
=003  LC
=005  20060222170606.0
=008  940815s1994\\\\onc\\\\\\b\\\\000\1\eng\d
=010  \\$a   97170097 
=015  \\$aC94-932286-5
=020  \\$a0921912773 :$c{dollar}22.95
=035  \\$9(DLC)   97170097
=035  \\$a(OCoLC)31289859
=040  \\$aCaOTU$beng$cCaOONL$dDLC$dDLC
=042  \\$alccopycat
=050  00$aPN6120.95.E7$bS43 1994
=055  \0$aPN6120 .95 E7$bS43 1994
=055  \2$aPN6120.95*
=082  00$a808.83/93538$221
=245  04$aThe Second gates of paradise :$bthe anthology of erotic short fiction /$c[edited by] Alberto Miguel.
=260  \\$aToronto :$bMacfarlane Walter and Ross,$cc1994.
=300  \\$axxv, 692 pages ;$c22 cm.
=336  \\$atext$2rdacontent$0http://rdaregistry.info/termList/RDAContentType/1020
=337  \\$aunmediated$2rdamedia$0http://rdaregistry.info/termList/RDAMediaType/1007
=338  \\$avolume$2rdacarrier$0http://rdaregistry.info/termList/RDACarrierType/1049
=380  \\$aSpråkbasert verk$1https://schema.nb.no/Bibliographic/Values/V1000
=504  \\$aIncludes bibliographical references (p. 689-692).
=505  0\$aDorothy Allison: Monkeybites -- J.G. Ballard: Love in a colder climate -- Frederick Barthelme: Cut Glass -- Saul Bellow: Something to remember me by -- Bonnie Burnard: Nipple man -- Angela Carter: Black Venus -- John Cheever: The world of apples -- Colette: One evening -- Julio Corta'zar -- Andre Dubus: The lover -- Mary Gaitskill: Civilization and it discontents -- Allan Gurganus: Adult Art -- Amelia House: Conspiracy -- Isabel Huggan: Sawdust -- Neil Jordan: Seduction -- Yehudit Katzir: Schlaffstunde -- Ko'no Taeko: Ants swarm -- Robin Metcalfe: The shirt -- Lourdes Ortiz: Alice -- Alejandra Pizarnik: The bloody countess -- James Purdy: Lily's party -- Diane Schoemperlen: Love in the time of cliche's -- Marilyn Sides: The island of the mapmaker's wife -- Michel Tournier: The red dwarf -- Dubravka Ugresic: A hot dog in a warm bun -- John Updike: Wife-wooing -- Alice Walker: Porn -- Denton Welch: Alex Fairburn -- Denton Welch -- John Edgar Wideman: The Statue of Liberty -- Tennessee Williams: Desire and the Black Messeur -- David Wojnarowicz: Losing th form in darkness -- Zhang Xiguo: The conquerors.
=650  \0$aErotic stories.
=650  \6$aHistoires érotiques.
=700  1\$aManguel, Alberto.$4edt$4edc
=700  \2$aAllison, Dorothy$tMonkeybites
=700  \2$aBallard, J. G.$d1930-2009$tLove in a colder climate
=700  \2$aBarthelme, Frederick$tCut Glass
=700  \2$aBellow, Saul$tSomething to remember me by
=700  \2$aBurnard, Bonnie$tNipple man
=700  \2$aCarter, Angela$tBlack Venus
=700  \2$aCheever, John$tThe world of apples
=700  \2$aColette$tOne evening
=700  \2$aJulio Corta'zar
=700  \2$aDubus, Andre$tThe lover
=700  \2$aGaitskill, Mary$tCivilization and it discontents
=700  \2$aGurganus, Allan$tAdult Art
=700  \2$aHouse, Amelia$tConspiracy
=700  \2$aHuggan, Isabel$tSawdust
=700  \2$aJordan, Neil$tSeduction
=700  \2$aKatzir, Yehudit$tSchlaffstunde
=700  \2$aTaeko, Ko'no$tAnts swarm
=700  \2$aMetcalfe, Robin$tThe shirt
=700  \2$aOrtiz, Lourdes$tAlice
=700  \2$aPizarnik, Alejandra$tThe bloody countess
=700  \2$aPurdy, James$tLily's party
=700  \2$aSchoemperlen, Diane$tLove in the time of cliche's
=700  \2$aSides, Marilyn$tThe island of the mapmaker's wife
=700  \2$aTournier, Michel$tThe red dwarf
=700  \2$aUgresic, Dubravka$tA hot dog in a warm bun
=700  \2$aUpdike, John$tWife-wooing
=700  \2$aWalker, Alice$tPorn
=700  \2$aWelch, Denton$tAlex Fairburn
=700  \2$aWideman, John Edgar$tThe Statue of Liberty
=700  \2$aWilliams, Tennessee$tDesire and the Black Messeur
=700  \2$aWojnarowicz, David$tLosing th form in darkness
=700  \2$aXiguo, Zhang$tThe conquerors.

