=LDR  01136cam a2200229 a 4500
=001  4715873
=003  LC
=005  19990226142624.9
=008  831220s1984\\\\cau\\\\\\\\\\\000\1\eng\\
=010  \\$a   83026542 
=020  \\$a0151829756
=035  \\$9(DLC)   83026542
=040  \\$aDLC$cDLC$dDLC
=050  00$aPN6120.95.F25$bS58 1984
=082  00$a808.83/876$219
=245  04$aThe Slaying of the dragon :$bmodern tales of the playful imagination /$cedited and with an introduction by Franz Rottensteiner.
=250  \\$a1st ed.
=260  \\$aSan Diego [Calif.] :$bHarcourt Brace Jovanovich,$cc1984.
=300  \\$axv, 303 pages ;$c22 cm.
=336  \\$atext$2rdacontent$0http://rdaregistry.info/termList/RDAContentType/1020
=337  \\$aunmediated$2rdamedia$0http://rdaregistry.info/termList/RDAMediaType/1007
=338  \\$avolume$2rdacarrier$0http://rdaregistry.info/termList/RDACarrierType/1049
=380  \\$aSpråkbasert verk$1https://schema.nb.no/Bibliographic/Values/V1000
=505  0\$aThe slaying of the dragon / Dino Buzzati -- Axolotl / Julio Cortázar -- The lottery in Babylon / Jorge Luis Borges -- With the gypsy girls / Mircea Eliade -- Aura / Carlos Fuentes -- Adam, one afternoon / Italo Calvino -- Story in a mirror / Ilse Aichinger -- The drowned giant / J.G. Ballard -- The emerald / Donald Barthelme -- Further confessions / Joyce Carol Oates -- The mask / Stanislaw Lem -- Biographical notes on the authors.
=650  \0$aFantasy fiction.
=700  1\$aRottensteiner, Franz.$4edt$4edc
=700  \2$aBuzzati, Dino$tThe slaying of the dragon
=700  \2$aCortázar, Julio$tAxolotl
=700  \2$aBorges, Jorge Luis$tThe lottery in Babylon
=700  \2$aEliade, Mircea$tWith the gypsy girls
=700  \2$aFuentes, Carlos$tAura
=700  \2$aCalvino, Italo$tAdam, one afternoon
=700  \2$aAichinger, Ilse$tStory in a mirror
=700  \2$aBallard, J. G.$d1930-2009$tThe drowned giant
=700  \2$aBarthelme, Donald$tThe emerald
=700  \2$aOates, Joyce Carol$tFurther confessions
=700  \2$aLem, Stanislaw$tThe mask

