=LDR  01136cam a2200265   4500
=001  1237466
=003  LC
=005  19980304115315.4
=008  710128s1971\\\\ilu\\\\\\\\\\\000\1\eng\\
=010  \\$a   70136574 
=035  \\$9(DLC)   70136574
=040  \\$aDLC$cDLC$dDLC
=050  00$aPZ1$b.T688$aPS648.S3
=082  00$a823/.0876
=245  00$aTransit of earth.
=250  \\$a[1st ed.
=260  \\$aChicago,$bPlayboy Press,$cc1971]
=300  \\$a188 pages$c18 cm.
=336  \\$atext$2rdacontent$0http://rdaregistry.info/termList/RDAContentType/1020
=337  \\$aunmediated$2rdamedia$0http://rdaregistry.info/termList/RDAMediaType/1007
=338  \\$avolume$2rdacarrier$0http://rdaregistry.info/termList/RDACarrierType/1049
=380  \\$aSpråkbasert verk$1https://schema.nb.no/Bibliographic/Values/V1000
=350  \\$a{dollar}0.75
=490  0\$aPlayboy science fiction
=500  \\$aPreviously appeared in Playboy.
=505  0\$aTransit of earth, by A. C. Clarke.--Button, button, by R. Matheson.--The machineries of joy, by R. Bradbury.--The invasion, by A. Davidson.--Bernie the Faust, by W. Tenn.--Cephalotron, by T. M. Disch.--It didn't happen, by F. Brown.--The man in the Rorschach shirt, by R. Bradbury.--Waste not, want not, by J. Atherton.--Control Somnambule, by W. Sambrot.--Let there be light, by A. C. Clarke.--Speed trap, by F. Pohl.--Souvenir, by J. G. Ballard.
=650  \0$aScience fiction, American.
=650  \0$aScience fiction, English.
=730  \\$aPlayboy (Chicago, Ill.)

