=LDR  00598cam a22001813a 4500
=001  16390351
=003  LC
=005  20110330134540.0
=008  980302s1966\\\\xxu\\\\\\\\\\\000\1\eng\\
=010  \\$a   98808143 
=035  \\$a(DLC)   98808143
=040  \\$aDLC$cDLC$dDLC
=050  00$aCPB Box no. 881 vol. 20
=100  1\$aBallard, J. G.$1http://viaf.org/viaf/9842556$4http://rdaregistry.info/Elements/w/object/P10061
=240  10$aThe impossible man$1http://www.wikidata.org/entity/Q7741590
=245  14$aThe impossible man /$cJ. G. Ballard.
=260  \\$aNew York :$bBerkley Medallion Books,$cc1966.
=300  \\$a160 pages.
=336  \\$atext$2rdacontent$0http://rdaregistry.info/termList/RDAContentType/1020
=337  \\$aunmediated$2rdamedia$0http://rdaregistry.info/termList/RDAMediaType/1007
=338  \\$avolume$2rdacarrier$0http://rdaregistry.info/termList/RDACarrierType/1049
=380  \\$aSpråkbasert verk$1https://schema.nb.no/Bibliographic/Values/V1000
=710  2\$aCopyright Paperback Collection (Library of Congress)$5DLC

