=LDR  00938cam a2200217   4500
=001  1264899
=003  LC
=005  20160216102241.0
=008  710901s1971\\\\nyu\\\\\\\\\\\000\1\eng\\
=010  \\$a   74163404 
=035  \\$9(DLC)   74163404
=040  \\$aDLC$cDLC$dDLC
=050  00$aPZ4.B1893$bCh$aPR6052.A46
=082  00$a823/.9/14
=100  1\$aBallard, J. G.$d1930-2009$1http://viaf.org/viaf/9842556$4http://rdaregistry.info/Elements/w/object/P10061
=240  10$aChronopolis and Other Stories$1http://www.wikidata.org/entity/Q5114250
=245  10$aChronopolis,$band other stories,$cby J. G. Ballard.
=260  \\$aNew York,$bPutnam$c[1971]
=300  \\$a319 pages$c21 cm.
=336  \\$atext$2rdacontent$0http://rdaregistry.info/termList/RDAContentType/1020
=337  \\$aunmediated$2rdamedia$0http://rdaregistry.info/termList/RDAMediaType/1007
=338  \\$avolume$2rdacarrier$0http://rdaregistry.info/termList/RDACarrierType/1049
=380  \\$aSpråkbasert verk$1https://schema.nb.no/Bibliographic/Values/V1000
=350  \\$a{dollar}6.95
=505  0\$aThe voices of time -- The drowned giant  -- The terminal beach -- Manhole 69 -- Storm-bird, storm-dreamer -- The sound-sweep -- Millenium -- Chronopolis -- Build-up -- The garden of time -- End game -- The watchtowers -- Now wakes the sea -- Zone of terror -- The cage of sand -- Deep end.
=650  \0$aScience fiction, English.
=700  \2$aThe voices of time
=700  \2$aBallard, J. G.$d1930-2009$tThe drowned giant 
=700  \2$aBallard, J. G.$d1930-2009$tThe terminal beach
=700  \2$aBallard, J. G.$d1930-2009$tManhole 69
=700  \2$aBallard, J. G.$d1930-2009$tStorm-bird, storm-dreamer
=700  \2$aBallard, J. G.$d1930-2009$tThe sound-sweep
=700  \2$aBallard, J. G.$d1930-2009$tMillenium
=700  \2$aBallard, J. G.$d1930-2009$tChronopolis
=700  \2$aBallard, J. G.$d1930-2009$tBuild-up
=700  \2$aBallard, J. G.$d1930-2009$tThe garden of time
=700  \2$aBallard, J. G.$d1930-2009$tEnd game
=700  \2$aBallard, J. G.$d1930-2009$tThe watchtowers
=700  \2$aBallard, J. G.$d1930-2009$tNow wakes the sea
=700  \2$aBallard, J. G.$d1930-2009$tZone of terror
=700  \2$aBallard, J. G.$d1930-2009$tThe cage of sand
=700  \2$aBallard, J. G.$d1930-2009$tDeep end

