=LDR  00646cam a2200205   4500
=001  1725585
=003  LC
=005  20090421105939.0
=008  740403t19741973nyu\\\\\\\\\\\000\1\eng\\
=010  \\$a   73087699 
=020  \\$a0374128073
=035  \\$9(DLC)   73087699
=040  \\$aDLC$cDLC$dDLC
=050  00$aPZ4.B1893$bCo3$aPR6052.A46
=082  00$a823/.9/14
=100  1\$aBallard, J. G.$d1930-2009$1http://viaf.org/viaf/9842556$4http://rdaregistry.info/Elements/w/object/P10061
=240  10$aConcrete Island$1http://viaf.org/viaf/174604532
=245  10$aConcrete island$c[by] J. G. Ballard.
=260  \\$aNew York,$bFarrar Straus and Giroux$c[1974, c1973]
=300  \\$a176 pages$c21 cm.
=336  \\$atext$2rdacontent$0http://rdaregistry.info/termList/RDAContentType/1020
=337  \\$aunmediated$2rdamedia$0http://rdaregistry.info/termList/RDAMediaType/1007
=338  \\$avolume$2rdacarrier$0http://rdaregistry.info/termList/RDACarrierType/1049
=380  \\$aSpråkbasert verk$1https://schema.nb.no/Bibliographic/Values/V1000
=655  \7$aScience fiction.$2gsafd

