=LDR  00772cam a2200229 a 4500
=001  1916175
=003  LC
=005  20090421105941.0
=008  850322t19851973nyu\\\\\\\\\\\000\1\eng\\
=010  \\$a   85040129 
=020  \\$a0394741072 (pbk.) :$c{dollar}3.95
=035  \\$9(DLC)   85040129
=040  \\$aDLC$cDLC$dDLC
=050  10$aPR6052.A46$bC6 1985
=082  00$a823/.914$219
=100  1\$aBallard, J. G.$d1930-2009$1http://viaf.org/viaf/9842556$4http://rdaregistry.info/Elements/w/object/P10061
=240  10$aConcrete Island$1http://viaf.org/viaf/174604532
=245  10$aConcrete island /$cJ.G. Ballard.
=250  \\$a1st Vintage Books ed.
=260  \\$aNew York :$bVintage Books,$c1985, c1973.
=300  \\$a176 pages ;$c18 cm.
=336  \\$atext$2rdacontent$0http://rdaregistry.info/termList/RDAContentType/1020
=337  \\$aunmediated$2rdamedia$0http://rdaregistry.info/termList/RDAMediaType/1007
=338  \\$avolume$2rdacarrier$0http://rdaregistry.info/termList/RDACarrierType/1049
=380  \\$aSpråkbasert verk$1https://schema.nb.no/Bibliographic/Values/V1000
=500  \\$aOriginally published: New York : Farrar Straus and Giroux. 1974, c1973.
=655  \7$aScience fiction.$2gsafd

