=LDR  01067cam a2200289 a 4500
=001  12497192
=003  LC
=005  20090421110003.0
=008  010808r20011973nyu\\\\\\\\\\\000\1\eng\\
=010  \\$a  2001053122
=020  \\$a0312420331
=040  \\$aDLC$cDLC$dDLC
=050  00$aPR6052.A46$bC7 2001
=082  00$a823/.914$221
=100  1\$aBallard, J. G.$d1930-2009$1http://viaf.org/viaf/9842556$4http://rdaregistry.info/Elements/w/object/P10061
=240  10$aCrash$1http://viaf.org/viaf/305922109
=245  10$aCrash /$cJ.G. Ballard.
=250  \\$a1st Picador USA ed.
=260  \\$aNew York :$bPicador,$c[2001].
=300  \\$a223 pages ;$c21 cm.
=336  \\$atext$2rdacontent$0http://rdaregistry.info/termList/RDAContentType/1020
=337  \\$aunmediated$2rdamedia$0http://rdaregistry.info/termList/RDAMediaType/1007
=338  \\$avolume$2rdacarrier$0http://rdaregistry.info/termList/RDACarrierType/1049
=380  \\$aSpråkbasert verk$1https://schema.nb.no/Bibliographic/Values/V1000
=650  \0$aMale friendship$vFiction.
=650  \0$aObsessive-compulsive disorder$vFiction.
=650  \0$aTraffic accident victims$vFiction.
=650  \0$aTraffic accidents$vFiction.
=650  \0$aWomen$xCrimes against$vFiction.
=655  \7$aPsychological fiction.$2lcsh
=856  42$3Contributor biographical information$uhttp://www.loc.gov/catdir/bios/hol054/2001053122.html
=856  42$3Publisher description$uhttp://www.loc.gov/catdir/description/hol042/2001053122.html

