=LDR  01039cam a2200289 a 4500
=001  499429
=003  LC
=005  20090421105929.0
=008  850320t19851973nyu\\\\\\\\\\\000\1\eng\\
=010  \\$a   85040128 
=020  \\$a0394741099 (pbk.) :$c{dollar}3.95
=035  \\$9(DLC)   85040128
=040  \\$aDLC$cDLC$dDLC
=050  10$aPR6052.A46$bC7 1985
=082  00$a823/.914$219
=100  1\$aBallard, J. G.$d1930-2009$1http://viaf.org/viaf/9842556$4http://rdaregistry.info/Elements/w/object/P10061
=240  10$aCrash$1http://viaf.org/viaf/305922109
=245  10$aCrash /$cJ.G. Ballard ; with an introduction by the author.
=250  \\$a1st Vintage Books ed.
=260  \\$aNew York :$bVintage Books,$c1985, c1973.
=300  \\$a223 pages ;$c18 cm.
=336  \\$atext$2rdacontent$0http://rdaregistry.info/termList/RDAContentType/1020
=337  \\$aunmediated$2rdamedia$0http://rdaregistry.info/termList/RDAMediaType/1007
=338  \\$avolume$2rdacarrier$0http://rdaregistry.info/termList/RDACarrierType/1049
=380  \\$aSpråkbasert verk$1https://schema.nb.no/Bibliographic/Values/V1000
=500  \\$aOriginally published: New York : Farrar, Straus, and Giroux, 1973.
=650  \0$aMale friendship$vFiction.
=650  \0$aObsessive-compulsive disorder$vFiction.
=650  \0$aTraffic accident victims$vFiction.
=650  \0$aTraffic accidents$vFiction.
=650  \0$aWomen$xCrimes against$vFiction.
=655  \7$aPsychological fiction.$2lcsh
=700  1\$aBallard, J. G.$d1930-2009$1http://viaf.org/viaf/9842556$4aui

