=LDR  00688cam a2200229   4500
=001  4641487
=003  LC
=005  20090421105958.0
=008  700826s1968\\\\enk\\\\\\\\\\\000\1\eng\\
=010  \\$a   78491612 
=015  \\$aB68-21433
=035  \\$9(DLC)   78491612
=040  \\$aDLC$cDLC$dDLC
=050  00$aPZ4.B1893$bCr6$aPR6052.A46
=082  00$a823/.9/14
=100  1\$aBallard, J. G.$d1930-2009$1http://viaf.org/viaf/9842556$4http://rdaregistry.info/Elements/w/object/P10061
=240  10$aThe crystal world$1http://viaf.org/viaf/307967896
=245  14$aThe crystal world$c[by] J. G. Ballard.
=260  \\$aLondon,$bPanther,$c1968.
=300  \\$a175 pages$c18 cm.
=336  \\$atext$2rdacontent$0http://rdaregistry.info/termList/RDAContentType/1020
=337  \\$aunmediated$2rdamedia$0http://rdaregistry.info/termList/RDAMediaType/1007
=338  \\$avolume$2rdacarrier$0http://rdaregistry.info/termList/RDACarrierType/1049
=380  \\$aSpråkbasert verk$1https://schema.nb.no/Bibliographic/Values/V1000
=350  \\$a5/-
=490  0\$aPanther science fiction, 24190
=655  \7$aScience fiction.$2gsafd

