=LDR  00615cam a22002051  4500
=001  7537758
=003  LC
=005  20090421110001.0
=008  740926s1966\\\\enk\\\\\\\\\\\000\1\eng\\
=010  \\$a   66070589 
=015  \\$aB66-6467
=035  \\$9(DLC)   66070589
=035  \\$a(OCoLC)1022207
=040  \\$aDLC$cVtU$dOCoLC$dUk$dDLC
=042  \\$apremarc
=050  00$aPZ4.B1893$bCr2$aPR6052.A46
=100  1\$aBallard, J. G.$d1930-2009$1http://viaf.org/viaf/9842556$4http://rdaregistry.info/Elements/w/object/P10061
=240  10$aThe crystal world$1http://viaf.org/viaf/307967896
=245  14$aThe crystal world.$cby J.G. Ballard.
=260  \\$aLondon,$bCape,$c1966.
=300  \\$a221 pages$c20 cm.
=336  \\$atext$2rdacontent$0http://rdaregistry.info/termList/RDAContentType/1020
=337  \\$aunmediated$2rdamedia$0http://rdaregistry.info/termList/RDAMediaType/1007
=338  \\$avolume$2rdacarrier$0http://rdaregistry.info/termList/RDACarrierType/1049
=380  \\$aSpråkbasert verk$1https://schema.nb.no/Bibliographic/Values/V1000

