=LDR  00608cam a22001931  4500
=001  6597231
=003  LC
=005  20090421105959.0
=008  720411s1966\\\\nyu\\\\\\\\\\\000\1\eng\\
=010  \\$a   66011685 
=035  \\$9(DLC)   66011685
=035  \\$a(OCoLC)280339
=040  \\$aDLC$cODaWU$dOCoLC$dDLC
=042  \\$apremarc
=050  00$aPZ4.B1893$bCr$aPR6052.A46
=100  1\$aBallard, J. G.$d1930-2009$1http://viaf.org/viaf/9842556$4http://rdaregistry.info/Elements/w/object/P10061
=240  10$aThe crystal world$1http://viaf.org/viaf/307967896
=245  14$aThe crystal world$c[by] J.G. Ballard.
=260  \\$aNew York,$bFarrar, Straus and Giroux$c[1966]
=300  \\$a210 pages$c20 cm.
=336  \\$atext$2rdacontent$0http://rdaregistry.info/termList/RDAContentType/1020
=337  \\$aunmediated$2rdamedia$0http://rdaregistry.info/termList/RDAMediaType/1007
=338  \\$avolume$2rdacarrier$0http://rdaregistry.info/termList/RDACarrierType/1049
=380  \\$aSpråkbasert verk$1https://schema.nb.no/Bibliographic/Values/V1000

