=LDR  00796cam a22002657a 4500
=001  16997159
=003  LC
=005  20120625105020.0
=008  111012r20101988nyu\\\\\\\\\\\000\1\eng\\
=010  \\$a  2011042020
=020  \\$a9780871404046 (pbk.)
=040  \\$aDLC$cDLC$dDLC
=042  \\$apcc
=043  \\$afc-----
=050  00$aPR6052.A46$bD38 2012
=082  00$a823/.914$223
=100  1\$aBallard, J. G.$d1930-2009$1http://viaf.org/viaf/9842556$4http://rdaregistry.info/Elements/w/object/P10061
=240  10$aThe day of creation$1http://viaf.org/viaf/308025936
=245  14$aThe day of creation /$cJ.G. Ballard.
=260  \\$aNew York :$bLiveright,$c2012.
=300  \\$a278 pages ;$c21 cm.
=336  \\$atext$2rdacontent$0http://rdaregistry.info/termList/RDAContentType/1020
=337  \\$aunmediated$2rdamedia$0http://rdaregistry.info/termList/RDAMediaType/1007
=338  \\$avolume$2rdacarrier$0http://rdaregistry.info/termList/RDACarrierType/1049
=380  \\$aSpråkbasert verk$1https://schema.nb.no/Bibliographic/Values/V1000
=650  \0$aPhysicians$vFiction.
=650  \0$aWater-supply$vFiction.
=651  \0$aAfrica, Central$vFiction.
=651  \0$aSahara$vFiction.
=655  \0$aPsychological fiction.

