=LDR  01066cam a2200289 a 4500
=001  12722973
=003  LC
=005  20090421110005.0
=008  020328r20021987nyu\\\\\\\\\\\000\1\eng\\
=010  \\$a  2002066774
=020  \\$a0312421281 (pbk.)
=040  \\$aDLC$cDLC$dDLC
=043  \\$afc-----
=050  00$aPR6052.A46$bD38 2002
=082  00$a823/.914$221
=100  1\$aBallard, J. G.$d1930-2009$1http://viaf.org/viaf/9842556$4http://rdaregistry.info/Elements/w/object/P10061
=240  10$aThe day of creation$1http://viaf.org/viaf/308025936
=245  14$aThe day of creation /$cJ.G. Ballard.
=250  \\$a1st Picador USA ed.
=260  \\$aNew York :$bPicador USA :$bDistributed by Holtzbrinck Publishers,$c2002.
=300  \\$a253 pages ;$c21 cm.
=336  \\$atext$2rdacontent$0http://rdaregistry.info/termList/RDAContentType/1020
=337  \\$aunmediated$2rdamedia$0http://rdaregistry.info/termList/RDAMediaType/1007
=338  \\$avolume$2rdacarrier$0http://rdaregistry.info/termList/RDACarrierType/1049
=380  \\$aSpråkbasert verk$1https://schema.nb.no/Bibliographic/Values/V1000
=650  \0$aPhysicians$vFiction.
=650  \0$aWater-supply$vFiction.
=651  \0$aAfrica, Central$vFiction.
=651  \0$aSahara$vFiction.
=655  \7$aPsychological fiction.$2lcsh
=856  42$3Contributor biographical information$uhttp://www.loc.gov/catdir/bios/hol051/2002066774.html
=856  42$3Publisher description$uhttp://www.loc.gov/catdir/description/hol031/2002066774.html

