=LDR  00865cam a2200277 a 4500
=001  4330237
=003  LC
=005  20090421105956.0
=008  881130t19891987nyu\\\\\\\\\\\000\1\eng\\
=010  \\$a   88034153 
=020  \\$a0020415141
=035  \\$9(DLC)   88034153
=040  \\$aDLC$cDLC$dDLC$dOCoLC$dDLC
=043  \\$afc-----
=050  10$aPR6052.A46$bD38 1989
=082  00$a823/.914$219
=100  1\$aBallard, J. G.$d1930-2009$1http://viaf.org/viaf/9842556$4http://rdaregistry.info/Elements/w/object/P10061
=240  10$aThe day of creation$1http://viaf.org/viaf/308025936
=245  14$aThe day of creation /$cJ.G. Ballard.
=250  \\$a1st Collier Books ed.
=260  \\$aNew York :$bCollier Books,$c1989, c1987.
=300  \\$a253 pages ;$c21 cm.
=336  \\$atext$2rdacontent$0http://rdaregistry.info/termList/RDAContentType/1020
=337  \\$aunmediated$2rdamedia$0http://rdaregistry.info/termList/RDAMediaType/1007
=338  \\$avolume$2rdacarrier$0http://rdaregistry.info/termList/RDACarrierType/1049
=380  \\$aSpråkbasert verk$1https://schema.nb.no/Bibliographic/Values/V1000
=650  \0$aPhysicians$vFiction.
=650  \0$aWater-supply$vFiction.
=651  \0$aAfrica, Central$vFiction.
=651  \0$aSahara$vFiction.
=655  \7$aPsychological fiction.$2lcsh

