=LDR  01060cam a2200289 a 4500
=001  1007056
=003  LC
=005  20090421105933.0
=008  871222r1988\\\\nyu\\\\\\\\\\\000\1\eng\\
=010  \\$a   87037525 
=020  \\$a0374135274 :$c{dollar}17.95
=035  \\$9(DLC)   87037525
=040  \\$aDLC$cDLC$dDLC
=050  00$aPR6052.A46$bD38 1988
=082  00$a823/.914$219
=100  1\$aBallard, J. G.$d1930-2009$1http://viaf.org/viaf/9842556$4http://rdaregistry.info/Elements/w/object/P10061
=240  10$aThe day of creation$1http://viaf.org/viaf/308025936
=245  14$aThe day of creation /$cJ.G. Ballard.
=250  \\$a1st American ed.
=260  \\$aNew York :$bFarrar, Straus, Giroux,$c1988, c1987.
=300  \\$a253 pages ;$c25 cm.
=336  \\$atext$2rdacontent$0http://rdaregistry.info/termList/RDAContentType/1020
=337  \\$aunmediated$2rdamedia$0http://rdaregistry.info/termList/RDAMediaType/1007
=338  \\$avolume$2rdacarrier$0http://rdaregistry.info/termList/RDACarrierType/1049
=380  \\$aSpråkbasert verk$1https://schema.nb.no/Bibliographic/Values/V1000
=650  \0$aPhysicians$vFiction.
=650  \0$aWater-supply$vFiction.
=651  \0$aAfrica, Central$vFiction.
=651  \0$aSahara$vFiction.
=655  \7$aPsychological fiction.$2lcsh
=856  42$3Contributor biographical information$uhttp://www.loc.gov/catdir/enhancements/fy0667/87037525-b.html
=856  42$3Publisher description$uhttp://www.loc.gov/catdir/enhancements/fy0667/87037525-d.html

