=LDR  00618cam a2200205   4500
=001  3123879
=003  LC
=005  20090421105946.0
=008  680301s1967\\\\enk\\\\\\\\\\\000\1\eng\\
=010  \\$a   68081096 
=015  \\$aB67-20314
=035  \\$9(DLC)   68081096
=040  \\$aDLC$cDLC$dDLC
=050  00$aPZ4.B1893$bDi$aPR6052.A46
=100  1\$aBallard, J. G.$d1930-2009$1http://viaf.org/viaf/9842556$4http://rdaregistry.info/Elements/w/object/P10061
=240  10$aThe disaster area$1http://viaf.org/viaf/307986100
=245  14$aThe disaster area$c[by] J. G. Ballard.
=260  \\$aLondon,$bCape,$c1967.
=300  \\$a206 pages$c19 1/2 cm.
=336  \\$atext$2rdacontent$0http://rdaregistry.info/termList/RDAContentType/1020
=337  \\$aunmediated$2rdamedia$0http://rdaregistry.info/termList/RDAMediaType/1007
=338  \\$avolume$2rdacarrier$0http://rdaregistry.info/termList/RDACarrierType/1049
=380  \\$aSpråkbasert verk$1https://schema.nb.no/Bibliographic/Values/V1000
=350  \\$a21/-
=650  \0$aScience fiction, English.

