=LDR  00501cam a2200169u  4500
=001  6598666
=003  LC
=005  20090421110000.0
=008  820513s1965\\\\enk\\\\\\\\\\\000\0\eng\\
=010  \\$a   66038405 
=035  \\$9(DLC)   66038405
=040  \\$aDLC$cCarP$dDLC
=050  00$aPZ4.B1893$bDr$aPR6052.A46
=100  1\$aBallard, J. G.$d1930-2009$1http://viaf.org/viaf/9842556$4http://rdaregistry.info/Elements/w/object/P10061
=240  10$aThe drought$1http://viaf.org/viaf/308000706
=245  14$aThe drought
=260  \\$aLondon,$bJ. Cape$c[1965
=300  \\$a252 pages$c20 cm.
=336  \\$atext$2rdacontent$0http://rdaregistry.info/termList/RDAContentType/1020
=337  \\$aunmediated$2rdamedia$0http://rdaregistry.info/termList/RDAMediaType/1007
=338  \\$avolume$2rdacarrier$0http://rdaregistry.info/termList/RDACarrierType/1049
=380  \\$aSpråkbasert verk$1https://schema.nb.no/Bibliographic/Values/V1000

