=LDR  00795cam a22002411a 4500
=001  9397519
=003  LC
=005  20090421110001.0
=008  880310t19651962nyu\\\\\\\\\\\000\0\eng\\
=010  \\$a   65012820 
=035  \\$9(DLC)   65012820
=035  \\$a(OCoLC)17609161
=040  \\$aDLC$cTxAbM$dOCoLC$dDLC
=042  \\$apremarc
=050  00$aPZ4.B1893$bDt4$aPR6052.A46
=100  1\$aBallard, J. G.$d1930-2009$1http://viaf.org/viaf/9842556$4http://rdaregistry.info/Elements/w/object/P10061
=245  14$aThe drowned world ; and The wind from nowhere /$cby J.G. Ballard.
=250  \\$a[Book Club ed.]
=260  \\$aGarden City, N.Y. :$bDoubleday,$c1965, c1962.
=300  \\$a316 pages ;$c22 cm.
=336  \\$atext$2rdacontent$0http://rdaregistry.info/termList/RDAContentType/1020
=337  \\$aunmediated$2rdamedia$0http://rdaregistry.info/termList/RDAMediaType/1007
=338  \\$avolume$2rdacarrier$0http://rdaregistry.info/termList/RDACarrierType/1049
=380  \\$aSpråkbasert verk$1https://schema.nb.no/Bibliographic/Values/V1000
=490  0\$a[Doubleday science fiction]
=655  \7$aScience fiction.$2gsafd
=700  12$aBallard, J. G.$d1930-2009$tThe wind from nowhere$1http://viaf.org/viaf/3869162301514520270000
=700  12$aBallard, J. G.$d1930-2009$tThe drowned world$1http://viaf.org/viaf/309277534
=740  0\$aWind from nowhere.

