=LDR  01244cim a22003014a 4500
=001  14953769
=003  LC
=005  20090421110008.0
=007  ss\lsnjlcmpnue
=008  070806s1988\\\\nyunnn|\\\\\\\\f|\\\eng\\
=010  \\$a  2007657001
=020  \\$a0671652389
=024  3\$a9780671652388
=028  02$a65238-9$bSimon & Schuster Audio
=040  \\$aDLC$cDLC$dDLC
=043  \\$aa-cc-sm
=050  00$aRZC 0283
=100  1\$aBallard, J. G.$d1930-2009$1http://viaf.org/viaf/9842556$4http://rdaregistry.info/Elements/w/object/P10061
=240  10$aEmpire of the sun$1http://viaf.org/viaf/180997771
=245  10$aEmpire of the sun$h[sound recording] /$cJ.G. Ballard.
=260  \\$aNew York, NY :$bSimon and Schuster Audio,$cp1988.
=300  \\$a2 sound cassettes (180 min.) :$banalog, stereophonic, Dolby processed.
=336  \\$atext$2rdacontent$0http://rdaregistry.info/termList/RDAContentType/1020
=337  \\$aunmediated$2rdamedia$0http://rdaregistry.info/termList/RDAMediaType/1007
=338  \\$avolume$2rdacarrier$0http://rdaregistry.info/termList/RDACarrierType/1049
=344  \\$aanalog$bcassette$c1 7/8 ips$gstereo$2rda
=380  \\$aSpråkbasert verk$1https://schema.nb.no/Bibliographic/Values/V1000
=500  \\$aIn container (18 cm.).
=511  0\$aAbridged version of the book read by Jeremy Irons.
=520  \\$aBased on the author's childhood experiences during World War II, depicts the story of a young English schoolboy who is captured by the Japanese and interred for three years at the infamous Langhua concentration camp.
=650  \0$aBoys$vFiction.
=650  \0$aWorld War, 1939-1945$zChina$zShanghai$vFiction.
=651  \0$aShanghai (China)$vFiction.
=700  1\$aIrons, Jeremy,$d1948-$4nrt$1http://viaf.org/viaf/114783177

