=LDR  00665cam a2200217 a 4500
=001  17445871
=003  LC
=005  20130906173207.0
=008  120829s2013\\\\nyu\\\\\\\\\\\000\1\eng\\
=010  \\$a  2012034113
=020  \\$a9780871404183 (pbk.)
=040  \\$aDLC$cDLC$dDLC
=042  \\$apcc
=050  00$aPR6052.A46$bH4 2013
=082  00$a823/.914$223
=100  1\$aBallard, J. G.$d1930-2009$1http://viaf.org/viaf/9842556$4http://rdaregistry.info/Elements/w/object/P10061
=240  10$aHello America$1http://viaf.org/viaf/202977755
=245  10$aHello America /$cJ.G. Ballard.
=250  \\$a1st Liveright pbk. ed.
=260  \\$aNew York :$bLiveright Pub. Corporation,$c2013.
=300  \\$a234 pages ;$c21 cm.
=336  \\$atext$2rdacontent$0http://rdaregistry.info/termList/RDAContentType/1020
=337  \\$aunmediated$2rdamedia$0http://rdaregistry.info/termList/RDAMediaType/1007
=338  \\$avolume$2rdacarrier$0http://rdaregistry.info/termList/RDACarrierType/1049
=380  \\$aSpråkbasert verk$1https://schema.nb.no/Bibliographic/Values/V1000
=655  \7$aScience fiction.$2gsafd

