=LDR  00650cam a2200205 a 4500
=001  2437413
=003  LC
=005  20090421105943.0
=008  880615t19881981nyu\\\\\\\\\\\000\1\eng\\
=010  \\$a   88020251 
=020  \\$a0881844551 :$c{dollar}17.95
=035  \\$9(DLC)   88020251
=040  \\$aDLC$cDLC$dDLC
=050  00$aPR6052.A46$bH4 1988
=082  00$a823/.914$219
=100  1\$aBallard, J. G.$d1930-2009$1http://viaf.org/viaf/9842556$4http://rdaregistry.info/Elements/w/object/P10061
=240  10$aHello America$1http://viaf.org/viaf/202977755
=245  10$aHello America /$cJ.G. Ballard.
=260  \\$aNew York :$bCarroll and Graf Publishers,$c1988, c1981.
=300  \\$a224 pages ;$c24 cm.
=336  \\$atext$2rdacontent$0http://rdaregistry.info/termList/RDAContentType/1020
=337  \\$aunmediated$2rdamedia$0http://rdaregistry.info/termList/RDAMediaType/1007
=338  \\$avolume$2rdacarrier$0http://rdaregistry.info/termList/RDACarrierType/1049
=380  \\$aSpråkbasert verk$1https://schema.nb.no/Bibliographic/Values/V1000
=655  \7$aScience fiction.$2gsafd

