=LDR  00651cam a2200205 i 4500
=001  1762478
=003  LC
=005  20090421105940.0
=008  761123t19771975nyu\\\\\\\\\\\000\1\eng\\
=010  \\$a   76029899 
=020  \\$a0030206510 :$c{dollar}6.95
=035  \\$9(DLC)   76029899
=040  \\$aDLC$cDLC$dDLC
=050  00$aPZ4.B1893$bHi3$aPR6052.A46
=082  00$a823/.9/14
=100  1\$aBallard, J. G.$d1930-2009$1http://viaf.org/viaf/9842556$4http://rdaregistry.info/Elements/w/object/P10061
=240  10$aHigh Rise$1http://viaf.org/viaf/308016990
=245  10$aHigh-rise /$cJ. G. Ballard.
=260  \\$aNew York :$bHolt, Rinehart and Winston,$c1977, c1975.
=300  \\$a204 pages ;$c22 cm.
=336  \\$atext$2rdacontent$0http://rdaregistry.info/termList/RDAContentType/1020
=337  \\$aunmediated$2rdamedia$0http://rdaregistry.info/termList/RDAMediaType/1007
=338  \\$avolume$2rdacarrier$0http://rdaregistry.info/termList/RDACarrierType/1049
=380  \\$aSpråkbasert verk$1https://schema.nb.no/Bibliographic/Values/V1000
=655  \7$aScience fiction.$2gsafd

