=LDR  00900cam a2200253 i 4500
=001  20233390
=003  LC
=005  20181126103208.0
=008  171228s2018\\\\nyu\\\\\\\\\\\000\1\eng\\
=010  \\$a  2017057683
=020  \\$a9781631493348 (pbk.)
=040  \\$aDLC$beng$cDLC$erda$dDLC
=042  \\$apcc
=050  00$aPR6052.A46$bK5 2018
=082  00$a823/.914$220
=100  1\$aBallard, J. G.$d1930-2009$eauthor.$1http://viaf.org/viaf/9842556$4http://rdaregistry.info/Elements/w/object/P10061
=240  10$aThe kindness of women$1http://viaf.org/viaf/8009153289944232770002
=245  14$aThe kindness of women :$ba novel /$cJ.G. Ballard.
=250  \\$aFirst Liveright paperback edition.
=264  \1$aNew York ;$aLondon :$bLiveright Publishing Corporation, a Division of W. W. Norton and Company,$c2018.
=300  \\$a454 pages ;$c21 cm
=336  \\$atext$btxt$2rdacontent$0http://rdaregistry.info/termList/RDAContentType/1020
=337  \\$aunmediated$bn$2rdamedia$0http://rdaregistry.info/termList/RDAMediaType/1007
=338  \\$avolume$bnc$2rdacarrier$0http://rdaregistry.info/termList/RDACarrierType/1049
=380  \\$aFiction
=500  \\$aSequel to: Empire of the sun.

