=LDR  01321cam a2200349 a 4500
=001  16586358
=003  LC
=005  20111208142732.0
=008  101221s2011\\\\nyu\\\\\\\\\\\000\1\eng\\
=010  \\$a  2010052504
=020  \\$a039308177X (hbk.)
=020  \\$a9780393081770 (hbk.)
=035  \\$a(OCoLC)ocn668194838
=040  \\$aDLC$cDLC$dIG#$dBTCTA$dYDXCP$dWIQ$dJRS$dBWX$dDLC
=043  \\$ae-uk---
=050  00$aPR6052.A46$bM55 2011
=082  00$a823/.914$222
=100  1\$aBallard, J. G.$d1930-2009$1http://viaf.org/viaf/9842556$4http://rdaregistry.info/Elements/w/object/P10061
=240  10$aMillennium people$1http://viaf.org/viaf/453162608678949820008
=245  10$aMillennium people /$cJ.G. Ballard.
=250  \\$a1st American ed.
=260  \\$aNew York :$bW.W. Norton and Company,$c2011.
=300  \\$a288 pages ;$c25 cm.
=336  \\$atext$2rdacontent$0http://rdaregistry.info/termList/RDAContentType/1020
=337  \\$aunmediated$2rdamedia$0http://rdaregistry.info/termList/RDAMediaType/1007
=338  \\$avolume$2rdacarrier$0http://rdaregistry.info/termList/RDACarrierType/1049
=380  \\$aSpråkbasert verk$1https://schema.nb.no/Bibliographic/Values/V1000
=500  \\$aOriginally published in 2003.
=520  \\$aAfter his ex-wife is killed in a bombing at Heathrow airport, David Markham infiltrates the shadowy protest group responsible and finds himself becoming brainwashed by the group's charismatic leader.
=650  \0$aMiddle class$vFiction.
=650  \0$aPolitical activists$vFiction.
=650  \0$aPolitical violence$vFiction.
=650  \0$aProtest movements$vFiction.
=650  \0$aPsychologists$vFiction.
=651  \0$aGreat Britain$vFiction.
=655  \0$aPolitical fiction.
=655  \7$aSuspense fiction.$2gsafd

