=LDR  00839cam a2200241 i 4500
=001  20233346
=003  LC
=005  20181108114233.0
=008  171228s2018\\\\nyu\\\\\\\\\\\000\0\eng\\
=010  \\$a  2017057684
=020  \\$a9781631493478 (softcover)
=040  \\$aDLC$beng$cDLC$erda$dDLC
=042  \\$apcc
=050  00$aPR6052.A46$bR8 2018
=082  00$a823/.914$223
=100  1\$aBallard, J. G.$d1930-2009$eauthor.$1http://viaf.org/viaf/9842556$4http://rdaregistry.info/Elements/w/object/P10061
=240  10$aRunning Wild$1http://viaf.org/viaf/481153289950332770009
=245  10$aRunning wild /$cJ. G. Ballard.
=250  \\$aFirst liveright paperback edition.
=264  \1$aNew York ;$aLondon :$bLiveright Publishing Corporation, a division of W. W. Norton and Company,$c2018.
=300  \\$a103 pages ;$c21 cm
=336  \\$atext$btxt$2rdacontent$0http://rdaregistry.info/termList/RDAContentType/1020
=337  \\$aunmediated$bn$2rdamedia$0http://rdaregistry.info/termList/RDAMediaType/1007
=338  \\$avolume$bnc$2rdacarrier$0http://rdaregistry.info/termList/RDACarrierType/1049

