=LDR  00854pam a2200229 a 4500
=001  1506952
=003  LC
=005  20121025094305.0
=008  890302r1989\\\\nyu\\\\\\\\\\\000\1\eng\\
=010  \\$a   89001324 
=020  \\$a0374252882 :$c{dollar}12.95
=035  \\$9(DLC)   89001324
=040  \\$aDLC$cDLC$dDLC
=050  00$aPR6052.A46$bR8 1989
=082  00$a823/.914$219
=100  1\$aBallard, J. G.$d1930-2009$1http://viaf.org/viaf/9842556$4http://rdaregistry.info/Elements/w/object/P10061
=240  10$aRunning Wild$1http://viaf.org/viaf/481153289950332770009
=245  10$aRunning wild /$cJ.G. Ballard.
=250  \\$a1st American ed.
=260  \\$aNew York :$bFarrar Straus Giroux,$c1989, c1988.
=300  \\$a104 pages ;$c21 cm.
=336  \\$atext$2rdacontent$0http://rdaregistry.info/termList/RDAContentType/1020
=337  \\$aunmediated$2rdamedia$0http://rdaregistry.info/termList/RDAMediaType/1007
=338  \\$avolume$2rdacarrier$0http://rdaregistry.info/termList/RDACarrierType/1049
=380  \\$aSpråkbasert verk$1https://schema.nb.no/Bibliographic/Values/V1000
=856  42$3Contributor biographical information$uhttp://www.loc.gov/catdir/enhancements/fy1215/89001324-b.html
=856  42$3Publisher description$uhttp://www.loc.gov/catdir/enhancements/fy0667/89001324-d.html

