=LDR  00861cam a2200277 a 4500
=001  17326084
=003  LC
=005  20130524091749.0
=008  120531r20131995nyu\\\\\\\\\\\000\1\eng\\
=010  \\$a  2012021928
=020  \\$a9780871403377 (pbk.)
=040  \\$aDLC$cDLC$dDLC
=042  \\$apcc
=050  00$aPR6052.A46$bR82 2013
=082  00$a823/.914$223
=100  1\$aBallard, J. G.$d1930-2009$1http://viaf.org/viaf/9842556$4http://rdaregistry.info/Elements/w/object/P10061
=240  10$aRushing to paradise$1http://viaf.org/viaf/1313145424719986830495
=245  10$aRushing to paradise /$cJ.G. Ballard.
=260  \\$aNew York :$bLiveright Pub. Corporation,$c2013.
=300  \\$a267 pages ;$c21 cm.
=336  \\$atext$2rdacontent$0http://rdaregistry.info/termList/RDAContentType/1020
=337  \\$aunmediated$2rdamedia$0http://rdaregistry.info/termList/RDAMediaType/1007
=338  \\$avolume$2rdacarrier$0http://rdaregistry.info/termList/RDACarrierType/1049
=380  \\$aSpråkbasert verk$1https://schema.nb.no/Bibliographic/Values/V1000
=650  \0$aFeminists$xFiction.
=650  \0$aUtopias$xFiction.
=650  \0$aWomen environmentalists$xFiction.
=651  \0$aIslands of the Pacific$xFiction.
=655  \0$aPolitical fiction.
=655  \0$aSatire.
=655  \7$aUtopian fiction.$2gsafd

