=LDR  00707cam a2200217 i 4500
=001  3226056
=003  LC
=005  20090421105947.0
=008  790215s1979\\\\nyu\\\\\\\\\\\000\1\eng\\
=010  \\$a   79009806 
=020  \\$a0030524318 :$c{dollar}10.95
=035  \\$9(DLC)   79009806
=040  \\$aDLC$cDLC$dDLC
=050  00$aPZ4.B1893$bUn$aPR6052.A46
=082  00$a823/.9/14
=100  1\$aBallard, J. G.$d1930-2009$1http://viaf.org/viaf/9842556$4http://rdaregistry.info/Elements/w/object/P10061
=240  10$aThe unlimited dream company$1http://viaf.org/viaf/307972381
=245  14$aThe unlimited dream company :$ba novel /$cby J. G. Ballard.
=250  \\$a1st ed.
=260  \\$aNew York :$bHolt, Rinehart, and Winston,$cc1979.
=300  \\$avii, 238 pages ;$c22 cm.
=336  \\$atext$2rdacontent$0http://rdaregistry.info/termList/RDAContentType/1020
=337  \\$aunmediated$2rdamedia$0http://rdaregistry.info/termList/RDAMediaType/1007
=338  \\$avolume$2rdacarrier$0http://rdaregistry.info/termList/RDACarrierType/1049
=380  \\$aSpråkbasert verk$1https://schema.nb.no/Bibliographic/Values/V1000
=655  \7$aScience fiction.$2gsafd

