=LDR  01117cam a2200325 a 4500
=001  17455317
=003  LC
=005  20130910111146.0
=008  120907r20131979nyu\\\\\\\\\\\000\1\eng\\
=010  \\$a  2012033873
=020  \\$a9780871404190 (paperback)
=040  \\$aDLC$cDLC
=042  \\$apcc
=043  \\$ae-uk-en
=050  00$aPR6052.A46$bU55 2013
=082  00$a823/.914$223
=100  1\$aBallard, J. G.$d1930-2009$1http://viaf.org/viaf/9842556$4http://rdaregistry.info/Elements/w/object/P10061
=240  10$aThe unlimited dream company$1http://viaf.org/viaf/307972381
=245  14$aThe unlimited dream company /$cJ.G. Ballard.
=260  \\$aNew York :$bLiveright Pub. Corporation,$c2013.
=300  \\$a233 pages ;$c21 cm.
=336  \\$atext$2rdacontent$0http://rdaregistry.info/termList/RDAContentType/1020
=337  \\$aunmediated$2rdamedia$0http://rdaregistry.info/termList/RDAMediaType/1007
=338  \\$avolume$2rdacarrier$0http://rdaregistry.info/termList/RDACarrierType/1049
=380  \\$aSpråkbasert verk$1https://schema.nb.no/Bibliographic/Values/V1000
=500  \\$aOriginally published: 1st ed. New York : Holt, Rinehart, and Winston, c1979.
=650  \0$aAircraft accidents$vFiction.
=650  \0$aDreams$vFiction.
=650  \0$aMetamorphosis$vFiction.
=650  \0$aMind and reality$vFiction.
=650  \0$aPilots and pilotage$vFiction.
=651  \0$aLondon Suburban Area (England)$vFiction.
=651  \0$aThames River (England)$vFiction.
=655  \7$aFantasy fiction.$2gsafd
=655  \7$aScience fiction.$2gsafd

