=LDR  01075cam a22002531  4500
=001  7522770
=003  LC
=005  20050806211910.0
=008  771017s1964\\\\mdu\\\\\\\\\\\000\1\eng\\
=010  \\$a   65004269 
=015  \\$aGB65-7788
=035  \\$9(DLC)   65004269
=035  \\$a(OCoLC)3347050
=040  \\$aDLC$cAzU$dUk$dDLC
=042  \\$apremarc
=050  00$aPZ1.B628$bCo
=100  1\$aBoardman, Thomas Volney,$d1930-$eed.$4edt$1http://viaf.org/viaf/68432129
=245  10$aConnoisseur's science fiction,$ban anthology$cedited by Tom Boardman.
=260  \\$a[Baltimore]$bPenguin Books,$c[1964]
=300  \\$a233 pages$c18 cm.
=336  \\$atext$2rdacontent$0http://rdaregistry.info/termList/RDAContentType/1020
=337  \\$aunmediated$2rdamedia$0http://rdaregistry.info/termList/RDAMediaType/1007
=338  \\$avolume$2rdacarrier$0http://rdaregistry.info/termList/RDACarrierType/1049
=380  \\$aSpråkbasert verk$1https://schema.nb.no/Bibliographic/Values/V1000
=490  0\$aPenguin science fiction
=500  \\$aCover title: Connoisseur's s.f.
=505  0\$aDisappearing act, by A.Bester.--The wizards of Pung's Corners, by F.Pohl.--Tomorrow and tomorrow and tomorrow, by K.Vonnegut.--Mr. Costello, hero, by T.Sturgeon.--Quit zoomin' those hands through the air, by J.Finney.--Build-up, by J.G.Ballard.--The fun they had, by I.Asimov.--Diabologic, by E.F.Russell.--Made in U.S.A., by J.T.McIntosh.--The waveries, by F.Brown.
=650  \0$aScience fiction.
=700  \2$tDisappearing act$aBester, A.
=700  \2$tThe wizards of Pung's Corners$aPohl, F.
=700  \2$tTomorrow and tomorrow and tomorrow$aVonnegut, Kurt
=700  \2$tMr. Costello, hero$aSturgeon, Theodore
=700  \2$tQuit zoomin' those hands through the air$aFinney, J.
=700  \2$tBuild-up$aBallard, J. G.$d1930-2009
=700  \2$tThe fun they had$aAsimov, Isaac
=700  \2$tDiabologic$aRussell, E.F.
=700  \2$tMade in U.S.A.$aMcIntosh, J.T.
=700  \2$tThe waveries$aBrown, F.

