=LDR  00905pam a2200265 a 4500
=001  3334020
=003  LC
=005  20090421110020.0
=008  860102r19851985cau\\\\\\b\\\\001\0\eng\\
=010  \\$a   85031416 
=020  \\$a0893709530 :$c{dollar}16.95
=035  \\$9(DLC)   85031416
=040  \\$aDLC$cDLC$dDLC
=050  10$aPR6052.A46$bZ59 1985b
=082  00$a823/.914$219
=100  1\$aBrigg, Peter,$d1942-$1http://viaf.org/viaf/115397340$4aut
=245  10$aJ.G. Ballard /$cby Peter Brigg.
=260  \\$aSan Bernandino, Calif. :$bBorgo Press,$c1985.
=300  \\$a138 pages ;$c22 cm.
=336  \\$atext$2rdacontent$0http://rdaregistry.info/termList/RDAContentType/1020
=337  \\$aunmediated$2rdamedia$0http://rdaregistry.info/termList/RDAMediaType/1007
=338  \\$avolume$2rdacarrier$0http://rdaregistry.info/termList/RDACarrierType/1049
=380  \\$aSpråkbasert verk$1https://schema.nb.no/Bibliographic/Values/V1000
=500  \\$aIncludes index.
=500  \\$aReprint. Originally published: Mercer Island, Wash. : Starmont House, 1985. (Starmont reader's guide ; 26).
=504  \\$aBibliography: p. [111]-134.
=600  10$aBallard, J. G.$d1930-2009$xCriticism and interpretation.$1http://viaf.org/viaf/9842556
=650  \0$aScience fiction, English$xHistory and criticism.
=830  \0$aStarmont reader's guide ;$v26.

