=LDR  01778cam a22003857i 4500
=001  20882488
=003  LC
=005  20190506094824.0
=008  180502s2018\\\\enk\\\\\\b\\\\000\1\eng\d
=010  \\$a  2018487153
=015  \\$aGBB8C4871$2bnb
=016  7\$a018932932$2Uk
=020  \\$a1526132737$qhardcover
=020  \\$a9781526132734$qhardcover
=035  \\$a(OCoLC)on1028618052
=040  \\$aYDX$beng$cYDX$erda$dTOH$dOCLCQ$dUKMGB$dOCLCF$dBNG$dWTU$dZCU$dOCLCO$dCUY$dYDXIT$dDLC
=042  \\$alccopycat
=050  00$aPR6052.U638$bP86 2018
=082  04$a823/.914$223
=100  1\$aBurgess, Anthony,$d1917-1993,$eauthor.$4aut$1http://viaf.org/viaf/71388189
=245  10$aPuma /$cedited with an introduction and notes by Paul Wake.
=264  \1$aManchester :$bManchester University Press,$c2018.
=300  \\$avii, 315 pages ;$c23 cm.
=336  \\$atext$btxt$2rdacontent$0http://rdaregistry.info/termList/RDAContentType/1020
=337  \\$aunmediated$bn$2rdamedia$0http://rdaregistry.info/termList/RDAMediaType/1007
=338  \\$avolume$bnc$2rdacarrier$0http://rdaregistry.info/termList/RDACarrierType/1049
=380  \\$aFiction
=490  1\$aThe Irwell edition of the works of Anthony Burgess
=500  \\$aA novel, with additional short writings by Burgess (appendixes).
=504  \\$aIncludes bibliographical references.
=505  00$tPuma --$tScience fiction --$tThe last day --$tThe eyes of New York --$tIntroduction to The best short stories of J.G. Ballard --$tGalactic cuckooland --$tThe apocalypse and after.
=520  \\$a"Set some way into the future, the story details the crushing of the planet Earth by a heavyweight intruder from a distant galaxy--the dreaded Puma"--From jacket.
=650  \0$aEnd of the world$vFiction.
=700  1\$aWake, Paul,$eeditor,$ewriter of introduction,$ewriter of added commentary.$4cwt$4aui$1http://viaf.org/viaf/19994016
=700  02$aBurgess, Anthony$tPuma$1http://www.isfdb.org/cgi-bin/title.cgi?2440469
=700  02$aBurgess, Anthony$tScience fiction
=700  02$aBurgess, Anthony$tThe last day
=700  02$aBurgess, Anthony$tThe eyes of New York
=700  02$aBurgess, Anthony$tIntroduction to The best short stories of J.G. Ballard
=700  02$aBurgess, Anthony$tGalactic cuckooland
=700  02$aBurgess, Anthony$tThe apocalypse and after.
=800  1\$aBurgess, Anthony$d1917-1993$tIrwell edition of the works of Anthony Burgess.

