=LDR  00832cam a2200253 a 4500
=001  658341
=003  LC
=005  20090421110011.0
=008  940309s1993\\\\ag\\\\\\\b\\\\000\0\spa\\
=010  \\$a   94128458 
=020  \\$a9507510575
=035  \\$9(DLC)   94128458
=040  \\$aDLC$cDLC$dDLC
=043  \\$ae-uk---
=050  00$aPR6052.A46$bZ6 1993
=100  1\$aCapanna, Pablo,$d1939-$1http://viaf.org/viaf/11306820$4aut
=240  10$aJ.G. Ballard : el tiempo desolado$1http://viaf.org/viaf/11306820/jgballard
=245  10$aJ.G. Ballard :$bel tiempo desolado /$cPablo Capanna.
=260  \\$aBuenos Aires :$bEditorial Almagesto,$c[1993]
=300  \\$a98 pages ;$c20 cm.
=336  \\$atext$2rdacontent$0http://rdaregistry.info/termList/RDAContentType/1020
=337  \\$aunmediated$2rdamedia$0http://rdaregistry.info/termList/RDAMediaType/1007
=338  \\$avolume$2rdacarrier$0http://rdaregistry.info/termList/RDACarrierType/1049
=380  \\$aSpråkbasert verk$1https://schema.nb.no/Bibliographic/Values/V1000
=490  1\$aColección Perfiles ;$v3
=504  \\$aIncludes bibliographical references (p. 96-98).
=600  10$aBallard, J. G.$d1930-2009$xCriticism and interpretation.$1http://viaf.org/viaf/9842556
=650  \0$aScience fiction, English$xHistory and criticism.
=830  \0$aColección Perfiles (Editorial Almagesto) ;$v3.

