=LDR  01062cam a2200289 i 4500
=001  18074011
=003  LC
=005  20140507134405.0
=008  140131s2013\\\\it\\\\\\\b\\\\001\0\ita\d
=010  \\$a  2013471130
=020  \\$a9788866331285 :$c22.00 EUR
=035  \\$a(ItFiC)it 13732161
=040  \\$aItFiC$beng$cItFiC$erda$dDLC
=042  \\$alccopycat
=050  00$aPR6052.A46$bZ62 2013
=100  1\$aChiurato, Andrea,$eauthor.$4aut$1http://viaf.org/viaf/254932920
=240  10$aLà dove finisce la città : riflessioni sull'opera di J.G. Ballard$1http://viaf.org/viaf/254932920/ladovefiniscelacitta
=245  10$aLà dove finisce la città :$briflessioni sull'opera di J.G. Ballard /$cAndrea Chiurato ; prefazione di Stefano Calabrese.
=264  \1$aBologna :$bArchetipolibri,$c[2013]
=300  \\$axxvi, 187 pages ;$c22 cm.
=336  \\$atext$2rdacontent$0http://rdaregistry.info/termList/RDAContentType/1020
=337  \\$aunmediated$2rdamedia$0http://rdaregistry.info/termList/RDAMediaType/1007
=338  \\$avolume$2rdacarrier$0http://rdaregistry.info/termList/RDACarrierType/1049
=490  0\$aCoriandoli
=504  \\$aIncludes bibliographical references (pages 179-183) and index.
=600  10$aBallard, J. G.$d1930-2009$xCriticism and interpretation.$1http://viaf.org/viaf/9842556
=650  \0$aCities and towns in literature.
=856  41$3Table of contents only$uhttp://www.loc.gov/catdir/toc/casalini12/13732161.pdf
=700  \\$aCalabrese, Stefano$4aui$1http://viaf.org/viaf/73961506

