=LDR  02098cam a2200409 a 4500
=001  15500288
=003  LC
=005  20090811143754.0
=008  081027s2009\\\\enk\\\\\\b\\\\001\0\eng\\
=010  \\$a  2008045134
=020  \\$a0230202950
=020  \\$a9780230202955
=035  \\$a(OCoLC)ocn264669260
=040  \\$aDLC$cDLC$dYDXCP$dBWKUK$dBWK$dCDX$dDLC
=043  \\$ae-uk---$an-us---
=050  00$aPR888.W66$bC76 2009
=082  00$a813.5409113
=082  00$a823/.91209358$222
=100  1\$aCrosthwaite, Paul,$d1980-$1http://viaf.org/viaf/85978105$4aut$4http://rdaregistry.info/Elements/w/object/P10061
=240  10$aTrauma, postmodernism, and the aftermath of World War II$1http://viaf.org/viaf/85978105/trauma
=245  10$aTrauma, postmodernism, and the aftermath of World War II /$cPaul Crosthwaite.
=260  \\$aBasingstoke [England] ;$aNew York :$bPalgrave Macmillan,$c2009.
=300  \\$avii, 222 pages ;$c23 cm.
=336  \\$atext$2rdacontent$0http://rdaregistry.info/termList/RDAContentType/1020
=337  \\$aunmediated$2rdamedia$0http://rdaregistry.info/termList/RDAMediaType/1007
=338  \\$avolume$2rdacarrier$0http://rdaregistry.info/termList/RDACarrierType/1049
=380  \\$aSpråkbasert verk$1https://schema.nb.no/Bibliographic/Values/V1000
=504  \\$aIncludes bibliographical references (p. 182-217) and index.
=505  0\$aWar, trauma, postmodernism -- Gravity's rainbow and traumatic models of history -- "A secret code of pain and memory": traumatic repetition in the fiction of J.G. Ballard -- Total war and the English stream-of-consciousness novel: from Mrs Dalloway to Mother London -- Their fathers' war: negotiating the legacy of World War II in Prisoner's dilemma and Atonement.
=650  \0$aAmerican fiction$y20th century$xHistory and criticism.
=650  \0$aEnglish fiction$y20th century$xHistory and criticism.
=650  \0$aPostmodernism (Literature)$zGreat Britain.
=650  \0$aPostmodernism (Literature)$zUnited States.
=650  \0$aPsychic trauma in literature.
=650  \0$aWar and literature$zGreat Britain$xHistory$y20th century.
=650  \0$aWar and literature$zUnited States$xHistory$y20th century.
=650  \0$aWar in literature.
=650  \0$aWorld War, 1939-1945$xLiterature and the war.
=650  \0$aWorld War, 1939-1945$xPsychological aspects.
=856  41$3Table of contents only$uhttp://www.loc.gov/catdir/enhancements/fy0916/2008045134-t.html
=856  42$3Contributor biographical information$uhttp://www.loc.gov/catdir/enhancements/fy0916/2008045134-b.html
=856  42$3Publisher description$uhttp://www.loc.gov/catdir/enhancements/fy0916/2008045134-d.html

