=LDR  00667cam a2200217 i 4500
=001  2220928
=003  LC
=005  20060712102314.0
=008  750618s1974\\\\nyuaf\\\\\\\\\000\0\eng\\
=010  \\$a   75315871 
=020  \\$a034523782X :$c{dollar}4.95
=035  \\$9(DLC)   75315871
=040  \\$aDLC$cDLC$dDLC
=050  00$aND813.D3$bL34
=082  00$a759.6
=100  1\$aDalí, Salvador,$d1904-1989.$1http://viaf.org/viaf/64004109$4art
=245  00$aDali /$cwith an introd. by J. G. Ballard ; edited by David Larkin.
=260  \\$aNew York :$bBallantine Books,$c1974.
=300  \\$a[14] pages, [40] leaves of plates :$bchiefly color illustrations ;$c30 cm.
=336  \\$atext$2rdacontent$0http://rdaregistry.info/termList/RDAContentType/1020
=337  \\$aunmediated$2rdamedia$0http://rdaregistry.info/termList/RDAMediaType/1007
=338  \\$avolume$2rdacarrier$0http://rdaregistry.info/termList/RDACarrierType/1049
=380  \\$aSpråkbasert verk$1https://schema.nb.no/Bibliographic/Values/V1000
=600  10$aDalí, Salvador$d1904-1989$1http://viaf.org/viaf/64004109
=700  1\$aLarkin, David,$d1936-$4edt$1http://viaf.org/viaf/277669549
=700  \\$aBallard, J. G.$d1930-2009$4aui$1http://viaf.org/viaf/9842556$4aui

