=LDR  01287cam a22002291  4500
=001  1717817
=003  LC
=005  19900216135951.4
=008  770214s1971\\\\nyu\\\\\\\\\\\000\1\eng\\
=010  \\$a   72163409 
=035  \\$9(DLC)   72163409
=040  \\$aDLC$cWa$dDLC
=050  00$aPZ1.D59$bRu$aPS648.S3
=082  00$a813/.0876
=100  1\$aDisch, Thomas M.,$ecomp.$4edt$1http://viaf.org/viaf/51688624
=245  14$aThe ruins of earth;$ban anthology of stories of the immediate future.$cEdited by Thomas M. Disch.
=260  \\$aNew York,$bPutnam$c[1971]
=300  \\$a318 pages$c23 cm.
=336  \\$atext$2rdacontent$0http://rdaregistry.info/termList/RDAContentType/1020
=337  \\$aunmediated$2rdamedia$0http://rdaregistry.info/termList/RDAMediaType/1007
=338  \\$avolume$2rdacarrier$0http://rdaregistry.info/termList/RDACarrierType/1049
=380  \\$aSpråkbasert verk$1https://schema.nb.no/Bibliographic/Values/V1000
=350  \\$a{dollar}6.95
=505  0\$aIntroduction: On saving the world, by T. M. Disch.--Deer in the works, by K. Vonnegut, Jr.--Three million square miles, by G. Wolfe.--Closing with nature, by N. Rush.--The plot to save the world, by M. Brownstein.--Autofac, by P. K. Dick.--Roommates, by H. Harrison.--Groaning hinges of the world, by R. A. Lafferty.--Gas mask, by J. D. Houston.--Wednesday, November 15, 1967, by G. A. Effinger.--The cage of sand, by J. G. Ballard.--Accident vertigo, by K. Elmslie.--The birds, by D. du Maurier.--Do it for mama! By J. J. Mundis.--The dreadful has already happened, by N. Kagan. --The Shaker revival, by G. Jonas.--America the beautiful, by F. Leiber.
=650  \0$aScience fiction, American.
=850  \\$aWaTPC$aWaO

