=LDR  00920nam a22002051  4500
=001  4540466
=003  LC
=005  19681225000000.0
=008  710308s1968\\\\nyu\\\\\\\\\\\000\1\eng\\
=010  \\$a   68026712 
=035  \\$9(DLC)   68026712
=040  \\$aDLC$cDLC$dDLC
=050  00$aPZ1.E39$bFar
=100  1\$aElder, Joseph.$1http://viaf.org/viaf/172050597$4edt$4edc
=245  14$aThe farthest reaches.$cEdited by Joseph Elder.
=260  \\$aNew York,$bTrident Press$c[1968]
=300  \\$a217 pages$c21 cm.
=336  \\$atext$2rdacontent$0http://rdaregistry.info/termList/RDAContentType/1020
=337  \\$aunmediated$2rdamedia$0http://rdaregistry.info/termList/RDAMediaType/1007
=338  \\$avolume$2rdacarrier$0http://rdaregistry.info/termList/RDACarrierType/1049
=380  \\$aSpråkbasert verk$1https://schema.nb.no/Bibliographic/Values/V1000
=350  \\$a{dollar}4.95
=505  0\$aThe worm that flies, by B. W. Aldiss.--Kyrie, by P. Anderson.--Tomorrow is a million years, by J. G. Ballard.--Pond water, by J. Brunner.--The dance of the changer and the three, by T. Carr.--Crusade, by A. C. Clarke.--Ranging, by J. Jakes.--Mind out of time, by K. Laumer.--The inspector, by J. McKimmey.--To the dark star, by R. Silverberg.--A night in elf hill, by N. Spinrad.--Sulwen's planet, by J. Vance.
=650  \0$aScience fiction.
=700  \2$tThe worm that flies$aAldiss, Brian W.
=700  \2$tKyrie$aAnderson, Poul
=700  \2$tTomorrow is a million years$aBallard, J. G.$d1930-2009
=700  \2$tPond water$aBrunner, J.
=700  \2$tThe dance of the changer and the three$aCarr, T.
=700  \2$tCrusade$aClarke, Arthur C.
=700  \2$tRanging$aJakes, J.
=700  \2$tMind out of time$aLaumer, K.
=700  \2$tThe inspector$aMcKimmey, J.
=700  \2$tTo the dark star$aSilverberg, R.
=700  \2$tA night in elf hill$aSpinrad, N.
=700  \2$tSulwen's planet$aVance, J.

