=LDR  01275cam a2200313 a 4500
=001  14179495
=003  LC
=005  20090421110017.0
=008  051123s2005\\\\enk\\\\\\b\\\\001\0\eng\d
=010  \\$a  2005541412
=015  \\$aGBA518665$2bnb
=016  7\$a013124861$2Uk
=020  \\$a071907052X (cased)
=020  \\$a0719070538 (pbk.)
=035  \\$a(OCoLC)ocm61301605
=040  \\$aUKM$cUKM$dOUN$dBAKER$dIXA$dDLC
=042  \\$aukscp$alccopycat
=050  00$aPR6052.A46$bZ65 2005
=082  04$a823.914$222
=100  1\$aGa̧siorek, Andrzej,$d1960-$1http://viaf.org/viaf/114178741$4aut
=240  10$aJ.G. Ballard$1http://viaf.org/viaf/114178741/jgballard
=245  10$aJ.G. Ballard /$cAndrzej Gasiorek.
=260  \\$aManchester ;$aNew York :$bManchester University Press ;$aNew York :$bDistributed exclusively in the USA by Palgrave,$cc2005.
=300  \\$a228 pages ;$c23 cm.
=336  \\$atext$2rdacontent$0http://rdaregistry.info/termList/RDAContentType/1020
=337  \\$aunmediated$2rdamedia$0http://rdaregistry.info/termList/RDAMediaType/1007
=338  \\$avolume$2rdacarrier$0http://rdaregistry.info/termList/RDACarrierType/1049
=380  \\$aSpråkbasert verk$1https://schema.nb.no/Bibliographic/Values/V1000
=440  \0$aContemporary British novelists
=504  \\$aIncludes bibliographical references (p. [215]-223) and index.
=600  10$aBallard, J. G.$d1930-2009$xCriticism and interpretation.$1http://viaf.org/viaf/9842556
=856  41$3Table of contents only$uhttp://www.loc.gov/catdir/enhancements/fy0665/2005541412-t.html
=856  42$3Contributor biographical information$uhttp://www.loc.gov/catdir/enhancements/fy0809/2005541412-b.html
=856  42$3Publisher description$uhttp://www.loc.gov/catdir/enhancements/fy0628/2005541412-d.html

