=LDR  01451cam a2200265   4500
=001  4127653
=003  LC
=005  19960402155628.0
=008  710816t19711970nyu\\\\\\\\\\\000\1\eng\\
=010  \\$a   76145543 
=020  \\$a0800839218
=035  \\$9(DLC)   76145543
=040  \\$aDLC$cDLC$dDLC
=050  00$aPZ1.H1255$bHo4$aPS648.H6
=082  00$a823/.0872
=100  1\$aHaining, Peter,$ecomp.$4edc$4edt$1http://viaf.org/viaf/56712957
=245  14$aThe Hollywood nightmare;$btales of fantasy and horror from the film world.$cIntroduced by Christopher Lee.
=260  \\$aNew York,$bTaplinger Pub. Company$c[1971, c1970]
=300  \\$a276 pages$c21 cm.
=336  \\$atext$2rdacontent$0http://rdaregistry.info/termList/RDAContentType/1020
=337  \\$aunmediated$2rdamedia$0http://rdaregistry.info/termList/RDAMediaType/1007
=338  \\$avolume$2rdacarrier$0http://rdaregistry.info/termList/RDACarrierType/1049
=380  \\$aSpråkbasert verk$1https://schema.nb.no/Bibliographic/Values/V1000
=350  \\$a{dollar}5.95
=505  0\$aThe prehistoric producer, by R. Bradbury.--The plot is the thing, by R. Bloch.--The shadow on the screen, by H. Kuttner.--Return to the Sabbath, by T. Fiske.--A wig for Miss DeVore, by A. Derleth.--The man who wanted to be in the movies, by J. Jakes.--The perfect plot, by F. Fenton.--Death double, by W. F. Nolan.--Booked solid, by R. Russell.--The Hollywood horror man, by B. Karloff.--The casket-demon, by F. Leiber.--The new people, by C. Beaumont.--Gavin O'Leary, by J. Collier.--Faed-out, by A. Davidson.--Mantage, by R. Matheson.--Technical adviser, by C. Oliver.--The screen game, by J. G. Ballard.--Death warmed over, by R. Bradbury.
=650  \0$aHorror tales, American.
=650  \0$aHorror tales, English.
=650  \0$aMotion picture industry$xFiction.
=651  \0$aHollywood (Los Angeles, Calif.)$xFiction.
=700  \2$tThe prehistoric producer$aBradbury, Ray
=700  \2$tThe plot is the thing$aBloch, R.
=700  \2$tThe shadow on the screen$aKuttner, H.
=700  \2$tReturn to the Sabbath$aFiske, T.
=700  \2$tA wig for Miss DeVore$aDerleth, A.
=700  \2$tThe man who wanted to be in the movies$aJakes, J.
=700  \2$tThe perfect plot$aFenton, F.
=700  \2$tDeath double$aNolan, W. F.
=700  \2$tBooked solid$aRussell, R.
=700  \2$tThe Hollywood horror man$aKarloff, B.
=700  \2$tThe casket-demon$aLeiber, F.
=700  \2$tThe new people$aBeaumont, C.
=700  \2$tGavin O'Leary$aCollier, J.
=700  \2$tFaed-out$aDavidson, A.
=700  \2$tMantage$aMatheson, R.
=700  \2$tTechnical adviser$aOliver, C.
=700  \2$tThe screen game$aBallard, J. G.$d1930-2009
=700  \2$tDeath warmed over$aBradbury, Ray
=700  \\$aLee, Christopher$4aui

