=LDR  00995pam a2200265 a 4500
=001  2596350
=003  LC
=005  20090421110013.0
=008  970211s1997\\\\nyu\\\\\\b\\\\001\0\eng\\
=010  \\$a   97005811 
=020  \\$a031217439X
=035  \\$9(DLC)   97005811
=040  \\$aDLC$cDLC$dDLC
=043  \\$ae-uk---
=050  00$aPR6052.A46$bZ74 1997
=082  00$a823/.914$221
=100  1\$aLuckhurst, Roger$4aut$1http://viaf.org/viaf/59236034$4http://rdaregistry.info/Elements/w/object/P10061
=240  \\$a"The angle between two walls" : the fiction of J. G. Ballard$1http://viaf.org/viaf/59236034/theangle
=245  14$aThe angle between two walls :$bthe fiction of J.G. Ballard /$cRoger Luckhurst.
=260  \\$aNew York :$bSt. Martin's Press,$c1997.
=336  \\$atext$2rdacontent$0http://rdaregistry.info/termList/RDAContentType/1020
=337  \\$aunmediated$2rdamedia$0http://rdaregistry.info/termList/RDAMediaType/1007
=338  \\$avolume$2rdacarrier$0http://rdaregistry.info/termList/RDACarrierType/1049
=380  \\$aSpråkbasert verk$1https://schema.nb.no/Bibliographic/Values/V1000
=300  \\$axix, 213 pages ;$c24 cm.=504  \\$eIncludes bibliographical references (p. [191]-207) and index.
=600  10$aBallard, J. G.$d1930-2009$xCriticism and interpretation.$1http://viaf.org/viaf/9842556
=650  \0$aScience fiction, English$xHistory and criticism.
=856  42$3Contributor biographical information$uhttp://www.loc.gov/catdir/bios/hol059/97005811.html
=856  42$3Publisher description$uhttp://www.loc.gov/catdir/description/hol055/97005811.html

