=LDR  00989cam a22003017a 4500
=001  18856200
=003  LC
=005  20151217081038.0
=008  150812t20152015enkb\\\\\b\\\\001\0deng\d
=010  \\$a  2015462990
=020  \\$a178024018X (pbk.)
=020  \\$a9781780240183 (pbk.)
=020  \\$z9781780240190 (Kindle ebook)
=020  \\$z9781780240206 (ePub ebook)
=035  \\$a(OCoLC)ocn920376569
=040  \\$aCDX$cCDX$dYDXCP$dCOO$dUAB$dDLC
=042  \\$alccopycat
=050  00$aPR6052.A46$bZ82 2015
=082  04$a823.9/14$223
=100  1\$aPaddy, David Ian,$eauthor.$4aut$1http://viaf.org/viaf/56144782952778562919
=240  14$aThe empires of J.G. Ballard : an imagined geography$1http://viaf.org/viaf/56144782952778562919/theempires
=245  14$aThe empires of J.G. Ballard :$ban imagined geography /$cDavid Ian Paddy.
=264  \1$aCanterbury, UK :$bGylphi,$c2015.
=264  \4$c©2015
=300  \\$aix, 366 pages :$bmaps ;$c22 cm.
=336  \\$atext$2rdacontent$0http://rdaregistry.info/termList/RDAContentType/1020
=337  \\$aunmediated$2rdamedia$0http://rdaregistry.info/termList/RDAMediaType/1007
=338  \\$avolume$2rdacarrier$0http://rdaregistry.info/termList/RDACarrierType/1049
=380  \\$aSpråkbasert verk$1https://schema.nb.no/Bibliographic/Values/V1000
=490  0\$aSF storyworlds ;$v2
=500  \\$a"A Gylphi Limited book."
=504  \\$aIncludes bibliographical references (pages 337-354) and index.
=600  10$aBallard, J. G.$d1930-2009$xCriticism and interpretation.$1http://viaf.org/viaf/9842556

