=LDR  01144cam a2200313 i 4500
=001  18073990
=003  LC
=005  20140507134213.0
=008  140131e201310\\it\\\\\\\b\\\\000\0\ita\d
=010  \\$a  2013471113
=020  \\$a9788854865402 :$c12.00 EUR
=035  \\$a(ItFiC)it 13730339
=040  \\$aItFiC$beng$cItFiC$erda$dDLC
=042  \\$alccopycat
=050  00$aPR6052.A46$bZ83 2013
=100  1\$aPolcini, Valentina,$eauthor.$4aut$1http://viaf.org/viaf/309629825
=240  10$aOltre la fantascienza$1http://viaf.org/viaf/309629825/oltrelafantascienza
=245  10$aOltre la fantascienza :$bparadigmi e intertestualità nella narrativa di J.G. Ballard /$cValentina Polcini.
=250  \\$aI edizione.
=264  \1$aRoma :$bAracne editrice S.r.l.,$cottobre 2013.
=300  \\$a167 pages ;$c21 cm.
=336  \\$atext$2rdacontent$0http://rdaregistry.info/termList/RDAContentType/1020
=337  \\$aunmediated$2rdamedia$0http://rdaregistry.info/termList/RDAMediaType/1007
=338  \\$avolume$2rdacarrier$0http://rdaregistry.info/termList/RDACarrierType/1049
=380  \\$aBibliography
=490  0\$aRiverrun ;$v14
=504  \\$aBibliography of J.C. Ballard's works (p. 147-165).
=504  \\$aIncludes bibliographical references.
=600  10$aBallard, J. G.$d1930-2009$xCriticism and interpretation.$1http://viaf.org/viaf/9842556
=650  \0$aScience fiction, English$xHistory and criticism.
=856  41$3Table of contents only$uhttp://www.loc.gov/catdir/toc/casalini12/13730339.pdf

