=LDR  00768cam a2200241 a 4500
=001  461916
=003  LC
=005  20090421104648.0
=008  830913s1984\\\\mau\\\\\\b\\\\001\0\eng\\
=010  \\$a   83018528 
=020  \\$a0816186030 (alk. paper)
=035  \\$9(DLC)   83018528
=040  \\$aDLC$cDLC$dDLC
=050  00$aZ8068.94$b.P74 1984$aPR6052.A46
=082  00$a016.823/914$219
=100  1\$aPringle, David.$1http://viaf.org/viaf/22226089$4aut
=245  10$aJ.G. Ballard :$ba primary and secondary bibliography /$cDavid Pringle.
=260  \\$aBoston, Mass. :$bG.K. Hall,$cc1984.
=300  \\$axxxvi, 156 pages ;$c25 cm.
=336  \\$atext$2rdacontent$0http://rdaregistry.info/termList/RDAContentType/1020
=337  \\$aunmediated$2rdamedia$0http://rdaregistry.info/termList/RDAMediaType/1007
=338  \\$avolume$2rdacarrier$0http://rdaregistry.info/termList/RDACarrierType/1049
=380  \\$aSpråkbasert verk$1https://schema.nb.no/Bibliographic/Values/V1000
=440  \0$aMasters of science fiction and fantasy
=500  \\$aIncludes indexes.
=600  10$aBallard, J. G.$d1930-2009$vBibliography.$1http://viaf.org/viaf/9842556
=650  \0$aScience fiction, English$vBibliography.

