=LDR  01222nam a2200241   4500
=001  1274031
=003  LC
=005  19700729000000.0
=008  700709s1970\\\\nyu\\\\\\\\\\\000\1\eng\\
=010  \\$a   75096004 
=035  \\$9(DLC)   75096004
=040  \\$aDLC$cDLC$dDLC
=050  00$aPZ1.S587$bMi$aPS648.S3
=082  00$a813/.08/76
=100  1\$aSilverberg, Robert,$ecomp.$4edc$4edt$1http://viaf.org/viaf/109386240
=245  14$aThe mirror of infinity;$ba critics' anthology of science fiction.
=250  \\$a[1st ed.]
=260  \\$aNew York,$bHarper and Row$c[1970]
=300  \\$axi, 324 pages$c22 cm.
=336  \\$atext$2rdacontent$0http://rdaregistry.info/termList/RDAContentType/1020
=337  \\$aunmediated$2rdamedia$0http://rdaregistry.info/termList/RDAMediaType/1007
=338  \\$avolume$2rdacarrier$0http://rdaregistry.info/termList/RDACarrierType/1049
=380  \\$aSpråkbasert verk$1https://schema.nb.no/Bibliographic/Values/V1000
=350  \\$a6.95
=505  0\$aIntroduction, by R. Silverberg.--The star, by H. G. Wells.--Twilight, by J. W. Campbell.--Nightfall, by I. Asimov.--Private eye, by L. Padgett.--The sentinel, by A. C. Clarke.--Specialist, by R. Sheckley.--Common time, by J. Blish.--The game of rat and dragon, by C. Smith.--All you zombies, by R. A. Heinlein.--The subliminal man, by J. G. Ballard.--I have no mouth, and I must scream, by H. Ellison.--The heat death of the universe, by P. A. Zoline.--The library of Babel, by J. L. Borges.--A bibliography: the critical literature of science fiction (p. 323)
=650  \0$aScience fiction$xHistory and criticism.
=650  \0$aScience fiction.
=700  0\$aSilverberg, Robert$4aui$1http://viaf.org/viaf/109386240
=700  02$tThe star$aWells, H. G.
=700  02$tTwilight$aCampbell, J. W. 
=700  02$tNightfall$aAsimov, Isaac
=700  02$tPrivate eye$aPadgett, L.
=700  02$tThe sentinel$aClarke, Arthur C.
=700  02$tSpecialist$aSheckley, R.
=700  02$tCommon time$aBlish, J.
=700  02$tThe game of rat and dragon$aSmith, C.
=700  02$tAll you zombies$aHeinlein, Robert A.
=700  02$tThe subliminal man$aBallard, J. G.$d1930-2009
=700  02$tI have no mouth, and I must scream$aEllison, H.
=700  02$tThe heat death of the universe$aZoline, P. A.
=700  02$tThe library of Babel$aBorges, Jorge Luis

