=LDR  01397cam a2200253   4500
=001  375868
=003  LC
=005  20191015154634.0
=008  710511s1971\\\\nyu\\\\\\\\\\\000\1\eng\\
=010  \\$a   78023628 
=020  \\$a0671478451
=035  \\$9(DLC)   78023628
=040  \\$aDLC$cDLC$dDLC
=050  00$aPZ1.S775$bEc$aPS648.E3
=082  00$a813/.01
=100  1\$aStadler, John,$dactive 1971,$ecomp.$4edt$4edc$1http://viaf.org/viaf/92645048
=245  10$aEco-fiction.
=260  \\$aNew York,$bWashington Square Press$c[1971]
=300  \\$ax, 211 pages$c18 cm.
=336  \\$atext$2rdacontent$0http://rdaregistry.info/termList/RDAContentType/1020
=337  \\$aunmediated$2rdamedia$0http://rdaregistry.info/termList/RDAMediaType/1007
=338  \\$avolume$2rdacarrier$0http://rdaregistry.info/termList/RDACarrierType/1049
=350  \\$a{dollar}0.95
=380  \\$aFiction
=505  0\$aA sound of thunder, by R. Bradbury.--The turtle, by J. Steinbeck.--The conversation of Eiros and Charmion, by E. A. Poe.--The fair young willowy tree, by A. E. Coppard.--A mother's tale, by J. Agee.--The law, by R. M. Coates.--The birds, by D. du Maurier.--A stay at the ocean, by R. Wilson, Jr.--The supremacy of Uruguay, by E. B. White.--Look how the fish live, by J. F. Powers.--Tomorrow and tomorrow and tomorrow, by K. Vonnegut, Jr.--The white heron, by S. O. Jewett.--The Mary Celeste move, by F. Herbert.--The toys of peace, by Saki (H. H. Munro)--The subliminal man, by J. G. Ballard.--The Cohen dog exclusion act, by S. Schrader.--It's such a beautiful day, by I. Asimov.--The hummingbird that lived through winter, by W. Saroyan.
=650  \0$aHuman ecology$xFiction.
=650  \0$aShort stories, American.
=650  \0$aShort stories, English.
=700  02$tA sound of thunder$aBradbury, Ray
=700  02$tThe turtle$aSteinbeck, John
=700  02$tThe conversation of Eiros and Charmion$aPoe, E. A.
=700  02$tThe fair young willowy tree$aCoppard, A. E.
=700  02$tA mother's tale$aAgee, J. J.
=700  02$tThe law$aCoates, R. M.
=700  02$tThe birds$aMaurier, D. du
=700  02$tA stay at the ocean$aWilson Jr, R.
=700  02$tThe supremacy of Uruguay$aWhite, E. B.
=700  02$tLook how the fish live$aPowers, J. F.
=700  02$tTomorrow and tomorrow and tomorrow$aVonnegut, Kurt Jr. 
=700  02$tThe white heron$aJewett, S. O.
=700  02$tThe Mary Celeste move$aHerbert, F.
=700  02$tThe toys of peace$aSaki (Munro, H. H.)
=700  02$tThe subliminal man$aBallard, J. G.$d1930-2009$1http://www.isfdb.org/cgi-bin/title.cgi?44459
=700  02$tThe Cohen dog exclusion ac$aSchrader, S.
=700  02$tIt's such a beautiful day$aAsimov, Isaac
=700  02$tThe hummingbird that lived through winter$aSaroyan, W.

