=LDR  02216cam a2200409 i 4500
=001  17892906
=003  LC
=005  20160727093150.0
=008  130920r20132013enk\\\\\\b\\\\001\0\eng\\
=010  \\$a  2013038131
=020  \\$a9781137354969 (hbk. : alk. paper)
=020  \\$a9781349999927
=020  \\$z9781137354976 (eBook)
=040  \\$aDLC$beng$cDLC$erda$dDLC
=042  \\$apcc
=043  \\$ae-uk---
=050  00$aDA110$b.S676 2013
=082  00$a398.20941/0904$223
=100  1\$aSterenberg, Matthew,$d1975-$eauthor.$4aut$1http://viaf.org/viaf/305277516
=240  10$aMythic thinking in twentieth-century Britain$1http://viaf.org/viaf/305277516/mythicthinking
=245  10$aMythic thinking in twentieth-century Britain :$bmeaning for modernity /$cMatthew Sterenberg, Assistant Professor,Waseda University, Japan.
=264  \1$aHoundmills, Basingstoke, Hampshire ;$aNew York, NY :$bPalgrave Macmillan,$c2013.
=300  \\$avii, 260 pages ;$c23 cm
=336  \\$atext$2rdacontent$0http://rdaregistry.info/termList/RDAContentType/1020
=337  \\$aunmediated$2rdamedia$0http://rdaregistry.info/termList/RDAMediaType/1007
=338  \\$avolume$2rdacarrier$0http://rdaregistry.info/termList/RDACarrierType/1049
=500  \\$a"Reprint of the original edition 2013."--Copyright page.
=504  \\$aIncludes bibliographical references (pages 240-253) and index.
=505  0\$aMyth and the modern problem -- Golden boughs, fairy books, and holy grails: the making of a myth-saturated culture -- "The grail is stirring": modernist mysticism, the matter of Britain, and the quest for spiritual renewal -- "The mythical mode of imagination": J.R.R. Tolkien, C.S. Lewis, and the epistemology of myth -- Coping with the catastrophe: J.G. Ballard, the new wave, and mythic science fiction -- Myth and the quest for psychological wholeness: C.G. Jung as spiritual sage -- Minding the myth-kitty: myth, cultural authority, and the evolution of English studies -- Making a modern faith: myth in twentieth-century British theology.
=650  \0$aBritish literature$xHistory and criticism.
=650  \0$aCivilization, Modern$y20th century.
=650  \0$aGroup identity$zGreat Britain$xHistory$y20th century.
=650  \0$aLiterature and myth.
=650  \0$aManners and customs$xHistory$y20th century.
=650  \0$aMythology, British.
=650  \0$aNational characteristics, British$xHistory$y20th century.
=650  \0$aValues$zGreat Britain$xHistory$y20th century.
=651  \0$aGreat Britain$xCivilization$y20th century.
=700  02$aSterenberg, Matthew$tMyth and the modern problem
=700  02$aSterenberg, Matthew$tGolden boughs, fairy books, and holy grails: the making of a myth-saturated culture
=700  02$aSterenberg, Matthew$t"The grail is stirring": modernist mysticism, the matter of Britain, and the quest for spiritual renewal
=700  02$aSterenberg, Matthew$t"The mythical mode of imagination": J.R.R. Tolkien, C.S. Lewis, and the epistemology of myth
=700  02$aSterenberg, Matthew$tCoping with the catastrophe: J.G. Ballard, the new wave, and mythic science fiction
=700  02$aSterenberg, Matthew$tMyth and the quest for psychological wholeness: C.G. Jung as spiritual sage
=700  02$aSterenberg, Matthew$tMinding the myth-kitty: myth, cultural authority, and the evolution of English studies
=700  02$aSterenberg, Matthew$tMaking a modern faith: myth in twentieth-century British theology.

