=LDR  01363cam a2200277 a 4500
=001  15474624
=003  LC
=005  20100412103147.0
=008  081002s2009\\\\caua\\\\\b\\\\001\0\eng\\
=010  \\$a  2008042691
=020  \\$a1592650821 (pbk.)
=020  \\$a9781592650828 (pbk.)
=035  \\$a(OCoLC)ocn262209103
=040  \\$aDLC$cDLC$dYDX$dDLC
=043  \\$ae------$aa-cc---
=050  00$aPN56.3.C6$bW66 2009
=100  1\$aWood, Frances,$d1948-$1http://viaf.org/viaf/38092539$4http://rdaregistry.info/Elements/w/object/P10061
=240  \\$aThe lure of China : writers from Marco Polo to J.G. Ballard$1http://viaf.org/viaf/4129164782053308600001
=245  14$aThe lure of China :$bwriters from Marco Polo to J.G. Ballard /$cFrances Wood.
=260  \\$aSan Francisco, CA :$bLong River Press,$cc2009.
=300  \\$a283 pages :$billustrations (some color) ;$c21 cm.
=336  \\$atext$2rdacontent$0http://rdaregistry.info/termList/RDAContentType/1020
=337  \\$aunmediated$2rdamedia$0http://rdaregistry.info/termList/RDAMediaType/1007
=338  \\$avolume$2rdacarrier$0http://rdaregistry.info/termList/RDACarrierType/1049
=380  \\$aSpråkbasert verk$1https://schema.nb.no/Bibliographic/Values/V1000
=504  \\$aIncludes bibliographical references and index.
=505  0\$aMarco Polo and the missionaries
=700  02$aSterenberg, Matthew$tFabulous Cathay and the Age of Discovery
=700  02$aSterenberg, Matthew$tJesuit China
=700  02$aSterenberg, Matthew$tNieuhoff's account
=700  02$aSterenberg, Matthew$tDaniel Defoe on China
=700  02$aSterenberg, Matthew$tLord Macartney
=700  02$aSterenberg, Matthew$tDiplomatic China
=700  02$aSterenberg, Matthew$tMalraux in the Chinese Revolution
=700  02$aSterenberg, Matthew$tSomerset Maugham on China
=700  02$aSterenberg, Matthew$tStella Benson
=700  02$aSterenberg, Matthew$tAnn Bridge
=700  02$aSterenberg, Matthew$tTravellers
=700  02$aSterenberg, Matthew$tOld Etonians in China
=700  02$aSterenberg, Matthew$tBloomsbury in China
=700  02$aSterenberg, Matthew$tPioneering journalists
=700  02$aSterenberg, Matthew$tWartime visitors
=700  02$aSterenberg, Matthew$tCollecting China
=700  02$aSterenberg, Matthew$tShanghai
=700  02$aSterenberg, Matthew$tChildhood in China.
=650  \0$aEuropean literature$xHistory and criticism.
=650  \0$aTravelers' writings, European$xHistory and criticism.
=651  \0$aChina$xDescription and travel.
=651  \0$aChina$xIn literature.

